1814 2767
470 835 576 883 lle
605 833 819 882 Gnaeo
847 834 1088 883 Naevio
1117 836 1325 892 poeta.

299 955 443 1004 Quum
476 970 531 999 ex
560 955 717 1012 primis
747 955 992 999 litterarum
1022 955 1258 1000 latinarum
1277 954 1474 999 saeculis
1506 967 1611 999 con·

183 1028 448 1074 scribendae
479 1029 809 1073 dissertationis
838 1037 1147 1087 argumentum
1167 1035 1381 1086 peterem,
1411 1043 1612 1092 praece-

183 1105 291 1147 teris
323 1103 402 1148 Cn.
432 1106 591 1148 Naevii
619 1105 713 1148 vita
749 1112 794 1147 et
831 1106 1000 1160 scripta
1036 1105 1171 1161 digna
1209 1104 1315 1148 mihi
1352 1105 1454 1147 visa
1492 1111 1613 1156 sunt,

183 1164 251 1220 de*
279 1178 438 1235 quibus
479 1178 696 1234 singulari
736 1178 980 1221 scriberem
1016 1177 1185 1222 libello.
1257 1178 1457 1222 Naevius
1494 1178 1614 1223 euim

182 1265 274 1294 non
305 1253 450 1295 solum
478 1253 647 1308 primus
679 1259 749 1295 est
787 1253 905 1295 inter
932 1242 1188 1304 Romanos,
1230 1252 1305 1308 qui
1334 1253 1613 1298 comoediam

182 1339 411 1369 romanam
449 1327 507 1368 ad
535 1326 701 1369 veteris
732 1339 924 1382 graecae
960 1326 1222 1370 comoediae
1251 1324 1440 1370 formam
1475 1326 1612 1371 ratio·

182 1413 372 1456 nemque
402 1399 611 1453 excoluit,
641 1413 796 1442 verum
827 1400 959 1443 etiam
976 1401 1147 1457 primus
1168 1401 1362 1443 omnium
1382 1407 1615 1457 poetarum

182 1488 467 1517 romanorum
511 1475 684 1530 patriae
723 1473 817 1518 fata
856 1482 900 1518 et
936 1489 1013 1519 res
1050 1482 1204 1532 gestas
1244 1477 1440 1519 carmine
1482 1475 1613 1531 epico

183 1547 527 1592 concelebravit.
585 1548 684 1592 Huc
714 1549 903 1603 accedit,
934 1550 1054 1607 quod
1084 1564 1140 1593 ex
1167 1549 1419 1593 veterrimis
1448 1547 1614 1592 Roma-

182 1637 341 1666 norum
378 1623 526 1679 poetis
557 1620 755 1666 Naex‘rius
794 1623 890 1667 fere
919 1625 1079 1667 unicus
1110 1630 1206 1676 est,
1244 1624 1301 1665 de
1341 1624 1469 1666 cuius
1506 1624 1614 1675 vita,

182 1696 389 1753 ingenio,
431 1696 612 1752 scriptis
641 1685 859 1754 singulari
889 1697 1262 1742 commentatione
1299 1711 1430 1740 nemo
1469 1695 1616 1741 adhuc

180 1772 407 1815 disseruit,
467 1772 629 1814 Omnia
647 1785 756 1815 vero
766 1802 799 1829 Α
813 1786 927 1828 quae
948 1786 976 1814 a
993 1773 1106 1815 viris
1128 1773 1272 1816 doctis
1293 1773 1348 1814 de
1370 1786 1424 1814 eo
1446 1772 1617 1826 scripta

183 1851 287 1890 sunt
330 1851 375 1888 et
413 1845 675 1900 diiudicata,
724 1846 886 1902 partim
922 1852 1106 1902 propter
1147 1845 1360 1889 librorum
1398 1852 1613 1898 veterum,

183 1905 428 1972 Varronis,
457 1919 603 1971 Festi,
623 1919 1018 1961 Grammaticorum
1047 1920 1105 1962 ad
1133 1926 1332 1963 nostram
1363 1932 1507 1975 usque
1538 1933 1614 1962 ae·

182 1999 319 2036 tatem
347 1993 639 2036 miserrimam
671 1993 984 2048 corruptelam,
1014 1993 1101 2036 hac
1130 1993 1231 2047 ipsa
1259 1991 1412 2044 fontis,
1444 2008 1500 2035 ex
1526 2008 1615 2049 quo

183 2067 345 2127 hausta
375 2073 499 2119 sunt,
540 2066 738 2122 pernicie
778 2068 964 2121 imbuta,
1003 2066 1161 2122 partim
1190 2072 1281 2110 tam
1307 2067 1459 2110 multis
1487 2066 1615 2111 libris

185 2141 393 2197 dispersa
423 2148 467 2185 et
494 2142 683 2185 disiecta
712 2129 918 2196 sunt,'ut
947 2142 1095 2184 omnia
1123 2154 1212 2183 uno
1245 2141 1460 2198 colligere
1478 2141 1614 2185 'volu-

184 2215 303 2260 mine
333 2229 500 2271 operae
531 2226 643 2258 sane
673 2215 862 2271 pretium
898 2215 969 2257 sit.

296 2299 358 2350 Ut
384 2319 494 2350 vero
525 2307 644 2350 iusta
672 2307 748 2350 via
786 2308 989 2363 beneque
1028 2305 1285 2350 succinctus
1317 2319 1456 2360 opus,
1497 2306 1616 2363 quod

184 2379 233 2422 in
250 2392 321 2423 mc
341 2380 514 2433 recepi,
545 2381 804 2435 aggrediar,
834 2383 1013 2424 nomina
1030 2379 1230 2422 virorum
1251 2378 1615 2430 clarissimorum,

186 2465 372 2508 quorum
409 2451 536 2495 libris
576 2452 662 2497 hac
700 2454 803 2508 ipsa
846 2454 894 2496 in
937 2452 1308 2496 commentatione
1347 2451 1615 2505 saepissime

121 2524 126 2531 '
183 2539 296 2570 usus
326 2537 445 2578 sum,
485 2526 531 2567 in
563 2527 714 2582 operis
745 2527 895 2570 limine
932 2527 1096 2570 addere
1128 2531 1479 2569 consentaneum
1507 2523 1613 2568 mihi

182 2600 330 2645 visum
358 2607 444 2644 est.
