1814 2767
1562 190 1623 233 55

191 303 406 348 librorum
434 304 633 349 ordinem
660 304 926 359 observavi,
965 304 1049 348 secl
1078 299 1177 348 eam
1205 309 1390 348 secutus
1419 317 1518 348 sum
1547 318 1620 348 ra·

192 377 387 435 tionem}v
403 385 451 421 ut
478 371 667 432 versus,⁸
676 377 873 435 querum
900 384 1041 421 metra
1069 382 1174 421 sunt
1191 378 1349 421 eadem
1376 384 1454 420 aut
1483 378 1621 422 simil·

190 453 312 506 lima,
340 453 671 499 constituerem.
684 452 812 505 2Nam
829 452 930 496 ‘hac
958 454 1198 497 observata
1225 452 1383 509 regula
1411 465 1621 496 versuum

190 533 363 580 natura,
395 541 508 584 quae
537 527 685 580 fuerit,
715 524 860 583 ma'gis
890 526 996 570 mihi
1026 541 1246 583 apparere
1276 528 1464 571 videtur.

302 603 336 644 Ι.
366 602 554 656 Versus,
581 604 629 645 in
659 602 820 658 quibus
848 603 992 657 prima
1019 601 1162 646 thesis
1192 616 1443 658 suppressa
1472 609 1565 645 est:

248 675 472 733 1.‘quue
500 678 560 719 mi
589 675 770 719 narrato
819 675 838 731 ῃ
887 677 1036 720 omnia
1064 676 1152 719 iam
1182 664 1394 720 disertim.

190 749 270 803 (cf.
299 751 473 794 Nonius
504 765 541 794 s.
572 764 613 794 v.
644 750 855 794 disci-tim.
886 774 943 783 —
973 750 1029 794 „J
1037 759 1147 801 am‘!
1177 751 1437 794 coniectura
1456 752 1621 804 addidi,

191 825 309 881 quod
347 823 555 872 haustum
592 826 745 880 putavi
785 825 882 867 »ia«
914 825 1046 880 (iam)
1086 826 1142 868 ab
1173 825 1465 869 antecedente
1495 825 1547 868 ia
1575 824 1622 867 in

190 913 288 942 voc.
320 899 480 940 omnia.
509 921 566 928 —-

192 971 270 1025 (cf.
302 972 433 1015 Both.
466 973 638 1016 emend.
658 973 773 1016 Non.
804 973 849 1015 in
879 972 1150 1016 Mus.Rhen.
1181 972 1235 1015 V.
1266 988 1310 1028 p.
1339 973 1438 1016 269.
1469 973 1623 1025 Hem,

192 1046 319 1089 elem.
347 1061 390 1101 p.
419 1047 517 1090 619.
1461 1050 1468 1055 ⁴

247 1123 288 1163 2.
320 1121 487 1164 sancta
515 1121 627 1176 puer
657 1121 837 1164 Saturni
886 1122 905 1175 ΙΙ
952 1120 1049 1163 filia
1078 1123 1249 1176 regina.

191 1194 270 1249 (cf.
300 1194 441 1238 Prisc.
471 1196 547 1237 VI.
577 1211 620 1250 p.
650 1195 749 1238 697.
780 1195 878 1237 Hoc
906 1196 952 1236 in
983 1209 1118 1237 versu
1149 1202 1193 1237 et
1221 1196 1364 1250 prima
1394 1202 1438 1238 et
1466 1196 1622 1250 penul·

191 1268 294 1311 tima
325 1270 433 1312 sede
464 1263 624 1325 thesim
655 1282 944 1324 suppressam
965 1269 1183 1311 videmus.
1214 1292 1270 1298 —
1299 1268 1443 1312 Aliter
1472 1268 1621 1312 Herm.

193 1342 390 1397 elemjp.
421 1342 504 1385 621
537 1357 715 1386 versum
744 1344 949 1386 restituit.

250 1421 291 1460 3.
321 1416 519 1473 Tumque
549 1418 699 1459 remos
729 1412 861 1460 iussit
909 1418 926 1471 ΙΙ
973 1417 1166 1473 religai'e
1198 1418 1412 1472 struppis.

304 1491 517 1534 Litteram
547 1506 572 1534 e
613 1492 659 1533 in
695 1491 914 1535 vocabulo
953 1491 1146 1548 religare
1186 1493 1447 1547 productam
1499 1498 1622 1546 puto,

194 1572 375 1621 propter
404 1567 711 1621 insequentem
747 1567 937 1609 litteram
974 1566 1019 1618 1.,
1060 1567 1174 1609 sicut
1211 1567 1328 1608 idem
1367 1579 1506 1620 saepe
1545 1567 1622 1608 ob·

195 1640 373 1683 servavi
402 1640 447 1681 in
478 1653 598 1682 voc.:
628 1639 802 1695 religio,
833 1641 1065 1696 reliquiae,
1096 1640 1299 1696 relinquo
1332 1647 1375 1682 et
1404 1647 1507 1682 cett.

196 1713 273 1767 (cf.
306 1715 462 1756 Isidor.
494 1714 619 1770 Orig.
648 1714 767 1757 XIX.
797 1716 838 1757 4.
879 1714 1005 1757 Hom.
1046 1715 1215 1771 Odyss.
1255 1729 1296 1756 o.
1335 1712 1434 1756 287.
1475 1714 1623 1756 Herm.

195 1804 238 1844 p.
268 1789 387 1839 620.)

250 1864 291 1905 4.
321 1863 467 1919 Atque
499 1863 631 1906 escas
660 1862 877 1905 habemus
927 1863 945 1916 ΙΙ
994 1864 1258 1906 mentidnem

194 1936 272 1989 (cf.
302 1936 444 1979 Prisc.
475 1937 552 1979 Vl.
582 1937 702 1988 679.)

246 2030 289 2071 5.
320 2029 485 2071 Pzirtim
516 2030 665 2072 errant
693 2030 939 2086 nequinont
987 2029 1005 2082 Η
1055 2028 1290 2072 Graeciam
1321 2028 1479 2072 redire.

193 2102 266 2151 (cf.
297 2103 416 2145 Fest.
448 2117 485 2144 s.
516 2117 556 2145 V.
588 2104 865 2158 nequinont.)

247 2196 288 2239 6.
319 2196 553 2238 Nexebant
581 2195 763 2237 multum
792 2197 909 2255 inter
937 2195 955 2249 Η
994 2196 1045 2238 se
1075 2194 1196 2236 flexu
1226 2196 1443 2236 noddrum
1474 2196 1622 2238 dubio.

192 2268 270 2323 (cs.
301 2269 441 2313 Prisc.
473 2269 548 2313 IX.
579 2284 621 2324 p.
652 2270 752 2313 861.
782 2269 983 2312 Diomed.
1017 2269 1047 2311 1.
1075 2283 1117 2323 p.
1151 2268 1407 2312 366.Herm.
1427 2283 1471 2327 p.
1501 2261 1626 2318 6223)

249 2362 288 2403 7.
320 2362 491 2403 Ultrum
522 2362 670 2417 genua
700 2362 975 2417 amplectens
1024 2365 1045 2415 ΙΙ
1092 2361 1309 2417 virginem
1341 2362 1501 2403 draret.

193 2435 270 2491 (cf.
302 2436 509 2480 Diomed.
539 2452 581 2491 p.
612 2436 711 2480 379.
744 2437 939 2480 Versum
966 2436 1122 2479 eadem
1152 2436 1328 2479 ratione
1370 2436 1459 2479 iam
1496 2436 1625 2478 resti-

191 2513 284 2557 buit
314 2512 363 2555 C.
396 2513 448 2554 Ο.
479 2511 653 2556 Miiller.
686 2513 715 2555 1.
746 2513 796 2562 1.)

247 2605 289 2649 8.
319 2603 562 2646 Ριίοτᾶηίηι
591 2605 796 2647 manibus
829 2602 1093 2659 polcerrime
1127 2603 1392 2645 confectum.

191 2678 269 2728 (cf.
300 2678 441 2722 Prisc.
474 2677 548 2719 vl.
578 2679 794 2732 praebent
823 2693 1001 2722 versum
1040 2677 1130 2720 sic:
1176 2677 1446 2720 „Puerarum
1487 2677 1626 2719 mani-
