1814 2767
201 146 262 192 ⁷6

200 258 374 316 pluries
402 269 740 318 oppressas—
680 258 911 308 —Iiem
938 275 983 320 Ρ.
1003 261 1118 308 630.-
1134 260 1226 306 alia
1232 262 1427 309 rafiam
1450 269 1637 327 metrum

202 335 449 381 constituit.

315 409 560 455 Praeterea
587 410 694 454 mihi
721 410 812 457 huc
838 413 1065 469 pertinere
1092 411 1322 456 videntur:

609 487 822 544 Fragm.
849 487 1014 532 XXXI.
1042 485 1229 531 xxxu.

335 560 488 604 Prima
514 561 682 604 Incedit
710 559 896 605 Ceceris
924 561 1202 618 Proserpina
1228 559 1344 616 puer
1373 583 1430 591 —

335 632 456 679 Defn
483 634 662 691 pollens
693 636 870 693 sagittis
897 635 1168 680 arcutenens
1195 634 1388 679 {uolutus

337 708 624 768 Sanctusque
651 709 844 766 Delphis
872 709 1122 767 prognatus
1150 709 1340 768 Pythius
1368 708 1549 766 Apollo.

312 782 517 827 Priorem
544 797 727 828 versum
754 783 898 829 Prisc.
921 784 1001 829 VI.
1028 783 1117 842 6517
1145 782 1287 838 affert,
1317 782 1518 842 reliquos
1536 780 1633 827 Ma-

198 857 322 901 crob.
354 856 451 901 Sat.
482 858 560 903 VI.
601 864 643 902 5.
699 858 879 902 Merula
913 873 957 915 p.
997 859 1056 903 53
1090 859 1260 915 primus
1301 871 1357 901 ea
1391 857 1632 911 coniunxit,

195 929 269 975 De
298 939 439 976 metro
471 931 553 982 (cf.
580 932 732 976 Herm.
760 948 808 989 Ρ,
837 934 964 987 631.)

315 1004 716 1062 spangenbergius
745 1012 927 1060 praeter
965 1018 1043 1058 ea,
1083 1017 1201 1062 quae
1238 1005 1297 1047 ad
1332 1004 1522 1060 primum
1557 1009 1635 1046 aut

198 1079 444 1121 secundam
481 1077 643 1121 librum
679 1076 917 1121 referenda
950 1078 1105 1133 putavi
1140 1077 1392 1134 fragmenta
1427 1083 1634 1133 quattuor

195 1148 288 1193 alia
324 1150 382 1195 iis
426 1164 514 1195 nec
543 1151 643 1195 sine
671 1151 794 1195 iusta
822 1151 1014 1210 quadam
1041 1150 1217 1194 ratione
1253 1150 1497 1196 inseranda
1524 1162 1633 1195 esse

196 1226 438 1270 arbitratus
470 1233 564 1279 est3
594 1241 784 1284 quorum
812 1227 1001 1282 primum
1030 1233 1102 1269 est
1128 1226 1218 1270 hoc
1226 1242 1242 1278 ς

691 1300 901 1358 Fragm.
930 1299 1136 1344 XXXIII.

332 1374 467 1423 Quod
494 1374 612 1418 bruti
639 1374 727 1418 nec
755 1377 868 1418 satis
899 1374 1086 1417 sardare
1116 1373 1298 1431 queunt.

192 1445 272 1502 (cf.
299 1447 424 1507 Fest.
454 1463 494 1493 s.
522 1462 567 1494 v.
598 1449 823 1504 sardare.)
854 1448 1121 1502 Secundum,
1151 1447 1269 1505 quod
1287 1446 1377 1491 huc
1394 1445 1545 1500 refert,
1560 1447 1629 1490 ni·

191 1521 258 1565 hil
286 1521 410 1565 aliud
437 1523 528 1566 nisi
555 1521 853 1580 fragmentum
895 1523 1029 1566 huius
1065 1521 1301 1578 fragmenti
1340 1534 1447 1565 esse
1485 1520 1535 1564 G.
1573 1520 1630 1564 0.

167 1595 411 1659 ‘Mifflerus
440 1597 500 1640 ad
527 1596 662 1641 Varr.
691 1597 792 1642 VII.
824 1598 922 1643 108.
960 1597 1090 1642 docte
1119 1596 1364 1641 adnotavit.
1420 1596 1567 1640 Varro
1596 1594 1628 1640 l.

187 1668 219 1713 1.
247 1670 322 1715 his
352 1671 504 1716 verbis
532 1672 580 1715 id
609 1671 830 1715 exhibuit:

601 1745 727 1789 »Nec
754 1745 869 1788 satis
898 1756 1121 1788 san-are«.

675 1819 886 1875 Fragm.
915 1817 1125 1861 XXXIV.

302 1891 502 1937 Tertium
531 1892 652 1951 quod
680 1892 728 1935 in
756 1892 885 1936 initio
914 1892 1017 1936 libri
1045 1892 1188 1948 primo
1219 1891 1389 1949 Spang.
1429 1890 1622 1938 colloca-

188 1967 254 2011 vit
280 1966 598 2025 fragmentum,
629 1973 778 2010 exstat
806 1968 927 2022 apud
955 1967 1119 2010 Donat.
1150 1967 1198 2009 in
1236 1966 1413 2010 Terent.
1450 1966 1623 2010 Andria

187 2041 289 2087 Act.
317 2043 352 2087 1.
382 2056 448 2087 sc.
479 2042 528 2096 1.,
558 2041 660 2085 libri
688 2055 876 2086 numero
906 2055 998 2085 non
1027 2042 1194 2087 addito.

319 2117 530 2174 Plerique
560 2117 717 2160 omnes
749 2116 1034 2174 subiungant,
1065 2116 1149 2160 sub
1179 2115 1311 2160 smim
1338 2116 1562 2160 iudicium.

301 2191 403 2241 Quo
432 2191 538 2235 loco
567 2190 658 2235 hoc
686 2190 922 2244 collocem,
950 2191 1126 2244 nescio,
1154 2204 1259 2235 nam
1288 2190 1348 2234 ad
1377 2204 1535 2234 omnes
1564 2189 1618 2233 li·

184 2266 291 2310 bros
319 2266 548 2322 pertinere
575 2266 731 2321 potuit.

690 2341 901 2398 Fragm.
928 2339 1117 2384 XXXV.

303 2413 544 2467 Quartum,
583 2415 704 2471 quod
740 2413 932 2481 profert,
971 2413 1080 2457 mihi
1116 2414 1174 2457 ad
1211 2413 1379 2459 bellum
1407 2415 1617 2470 punicum

182 2501 274 2533 non
302 2493 514 2544 spectare
541 2488 730 2542 videtur,
762 2489 846 2533 sed
874 2488 935 2532 ad
952 2486 1230 2547 tragoediam
1259 2479 1481 2546 quandam
1493 2489 1614 2532 Nae·

181 2563 259 2607 vii.
316 2563 478 2607 Exstat
505 2563 622 2606 enim
650 2563 723 2607 his
752 2563 906 2608 verbis
936 2564 1057 2622 apud
1083 2563 1229 2608 Prisc.
1257 2563 1378 2607 VIII.
1405 2577 1450 2620 p.
1488 2561 1613 2608 801.

183 2638 410 2683 „Naevius
439 2638 487 2682 in
516 2636 592 2682 111.
621 2637 818 2684 Hectore
852 2637 1189 2695 proficiscente:
1225 2637 1349 2682 Tunc
1376 2637 1505 2694 ipsos
1533 2636 1611 2700 ad·
