1814 2767
204 98 265 143 7¹2

200 221 280 261 aut
325 212 582 269 Euandrum
629 219 835 270 spectare
882 220 1034 271 putat,
1077 225 1139 282 ea
1162 169 1442 280 'connum
1443 224 1639 272 cama,

200 289 311 349 quia
338 292 386 345 in
413 288 515 335 libr.
543 288 601 333 11.
630 301 660 332 a
688 287 820 334 Serv.
858 288 936 346 IX.
976 288 1074 333 715.
1104 288 1196 332 iam
1230 286 1455 345 Prochyta
1489 290 1640 343 inodo

200 364 433 408 nominata
460 364 533 413 sit.
580 361 653 407 At
678 369 787 419 puto
816 361 907 407 hoc
934 358 1045 407 nilnl
1082 368 1240 408 contra
1267 363 1409 410 codd.
1445 363 1639 412 auctori·

202 444 341 484 tatem
370 437 536 483 valere.

752 512 965 569 Fragm.
993 512 1095 556 XX.

339 586 550 643 Magnam
580 585 761 630 donuim
791 586 1000 630 decorem
1020 585 1043 641 Η
1060 587 1195 631 ditem
1221 585 1454 631 vexerant.

201 659 283 716 (cf.
312 660 457 706 Prisc.
487 661 566 706 VI.
594 675 640 718 p.
668 660 769 705 699.
801 660 963 714 codd.)
994 659 1225 706 exhibent:
1252 649 1567 720 decoremque,
1596 668 1646 721 et*

201 743 415 788 vexrant3
445 749 527 792 pro
558 742 749 779 vexrant
775 734 927 779 Herm.
956 728 1000 791 ι’).
1029 734 1117 779 636
1137 735 1298 791 recipit
1324 743 1565 788 vexarant3
1593 735 1641 779 in

201 823 305 855 voc.
334 809 634 866 decoremque
664 808 750 866 ego
789 821 932 867 „que“
970 809 1133 862 reieci,
1172 816 1222 852 ut
1259 809 1496 853 Saturnius
1535 822 1638 853 eva-

202 883 296 936 dot,
326 887 374 927 et
402 883 656 927 allitteratio
686 883 831 939 magis
860 884 1100 940 perspicue
1130 883 1346 926 audiatur.
1407 883 1509 932 Qua
1535 895 1638 939 pro·

201 949 310 1001 bata
338 957 605 1001 emendandi
633 956 809 1000 ratione
841 956 1079 1001 Saturnius
1107 956 1181 1014 {ita
1217 957 1381 1011 evadit,
1408 964 1459 1002 ut
1485 956 1638 1014 penul-

202 1031 313 1075 tima
341 1032 452 1075 sede
481 1030 628 1075 thesis
657 1043 909 1086 suppressa
937 1018 1009 1072 sit.

748 1104 853 1148 Fra
868 1118 966 1162 gm.
994 1103 1103 1148 XXI

343 1178 594 1222 Onerariae
623 1184 815 1222 onustae
845 1180 1025 1222 stabant
1052 1179 1100 1222 in
1128 1177 1314 1223 flustris.

205 1249 284 1308 (of.
313 1250 377 1296 Μ.
407 1252 457 1296 S.
488 1247 751 1296 Oxoniense
781 1252 837 1295 de
865 1266 1015 1296 rerum
1042 1259 1133 1296 nat.
1162 1252 1209 1296 in
1238 1252 1425 1309 apprnd.
1465 1266 1495 1296 a
1522 1253 1639 1306 {Fes-

205 1332 301 1369 tum
330 1324 380 1370 G.
412 1325 468 1370 Ο.
496 1324 740 1380 Muelleri.)
799 1326 977 1370 Versus
1013 1339 1107 1370 non
1147 1333 1336 1371 conatus
1376 1341 1476 1370 sum
1510 1328 1642 1370 resti-

205 1406 352 1454 tuere,
381 1400 466 1444 sed
492 1399 758 1444 Muellerum
787 1401 938 1457 potius
960 1406 1160 1445 secutus
1175 1414 1288 1453 sum,
1318 1401 1542 1458 quiquam
1569 1414 1641 1444 ra·

129 1483 133 1495 “
203 1474 375 1520 tionen
388 1481 575 1521 secutus
604 1475 681 1529 sit,
709 1489 801 1518 nou
828 1474 1046 1532 intelligo.

735 1549 950 1607 Fragm.
978 1549 1119 1593 XXII.

324 1622 627 1680 „Prochytam
654 1623 847 1668 insulam
874 1624 1075 1668 Naevius
1103 1624 1151 1666 in
1178 1624 1322 1680 primo
1353 1623 1459 1668 belli
1488 1625 1643 1679 poeni-

206 1698 251 1743 ci
279 1697 338 1742 de
367 1704 560 1756 cognata
585 1697 771 1743 Aeneae
800 1711 964 1743 nomen
983 1698 1221 1755 accepisse
1249 1699 1397 1744 dicim
1429 1697 1502 1754 (cf
1516 1698 1644 1743 Serv.

211 1772 284 1817 ad.
312 1772 442 1829 Virg.
472 1771 588 1816 Aen.
616 1773 695 1816 IX.
724 1773 850 1827 715.)

324 1846 376 1890 In
414 1845 519 1890 libri
556 1860 741 1890 numero
781 1860 810 1889 a
837 1846 1021 1891 librario
1059 1854 1108 1890 ut
1146 1847 1414 1903 saepissime
1452 1855 1648 1891 erratum

208 1933 316 1966 esse
345 1927 472 1977 puto.
1362 1909 1370 1916 ’

328 1995 451 2038 Idem
478 1993 591 2047 fere,
622 1996 743 2052 quod
770 1995 973 2038 Naevius
1003 1996 1060 2038 de
1089 1994 1239 2038 insula
1256 1994 1484 2053 Prochyta
1511 1996 1646 2039 tradi·

210 2069 354 2122 derat,
380 2075 536 2112 narrat
562 2068 699 2113 Dion.
728 2067 829 2112 Hal.
858 2068 913 2112 A.
943 2068 997 2112 R.
1028 2069 1063 2123 1,
1092 2069 1164 2113 53.
1212 2058 1352 2129 Νήσῳ
1374 2085 1422 2114 τε
1451 2068 1648 2132 Προχύτῃ

210 2148 286 2188 καὶ
313 2141 563 2203 ἀκρωτηρίῳ
592 2143 760 2208 Καιήτῃ
789 2142 894 2207 τύχῃ
923 2143 1312 2203 προςορμισοὶμενοι
1347 2143 1460 2188 κατὰ
1504 2146 1647 2188 τίθεν-

208 2234 285 2262 ται
330 2218 409 2269 τὰς
462 2217 705 2276 ἐπικλήσεις
754 2224 842 2270 τοῒς
871 2217 1022 2269 τόποις
1067 2221 1282 2273 γυναικῶν
1328 2216 1651 2263 ἀποθανουσῶν

211 2291 467 2349 βουλόμενοι
493 2298 681 2349 μνημεῖα
710 2290 892 2351 ποιῆσαι
919 2292 977 2337 τὰ
1014 2296 1164 2351 χωρία.
1222 2292 1388 2338 τόυτων
1424 2293 1472 2337 δὲ
1509 2290 1536 2351 ἦ
1570 2296 1652 2349 μὲν

211 2365 415 2425 curreris
464 2367 642 2412 Αἶνεῐου
689 2368 860 2423 λέγεται
907 2369 1128 2423 γενέσθαι,
1165 2363 1191 2425 ἦ
1232 2367 1280 2411 δὲ
1307 2366 1478 2427 τροφός.
1536 2366 1649 2410 Plin.

210 2442 329 2486 nist.
375 2454 421 2485 ιι.
460 2440 535 2484 111.
574 2441 618 2486 6.
657 2442 725 2500 12.
774 2441 930 2484 aliter:
972 2440 1224 2499 »Prochyta
1250 2454 1343 2484 non
1379 2442 1437 2484 ab
1464 2440 1650 2496 Aeneae

211 2515 412 2569 nutrice,
450 2515 535 2559 sed
575 2518 680 2573 quia
706 2514 897 2572 profusa
923 2516 982 2560 ab
1009 2515 1209 2560 Aenaria
1239 2515 1383 2559 erat.“
1414 2514 1560 2559 Strab.
1590 2514 1650 2558 V.

213 2590 314 2635 24⁷.
363 2590 564 2634 nominat
608 2589 877 2647 Prochytam
894 2621 906 2643 ,
966 2590 1083 2635 sicut
1130 2589 1318 2645 Plinius,
1367 2583 1653 2646 Πιθηκοὺσῶν
1726 2587 1728 2589 ’
