1814 2767
195 341 240 378 et
266 325 436 405 populo
462 323 692 386 Romano,
721 335 770 376 ut
798 330 969 388 cuique
988 325 1136 389 gend,
1147 328 1212 374 in
1227 334 1321 388 qua
1337 320 1429 380 ars
1447 330 1632 390 §caica

195 399 394 454 nondum
421 405 500 452 diu
527 413 600 452 est
627 397 839 458 tractata,
867 403 1007 449 multo
1026 404 1171 462 magis
1189 388 1522 462 coffloqdia‘ru'n
1542 398 1629 468 dq-

195 474 328 528 liciae
358 481 632 533 arriderent,
675 490 808 536 quam
834 477 1118 535 tragoediae
1128 475 1373 522 severius·
1412 466 1638 531 Naevium

197 568 377 614 quoque
404 560 455 599 ut
479 553 655 599 Livium
683 551 1014 606 Andronicum,
1043 553 1102 597 de
1131 565 1252 613 qno
1238 545 1372 596 nobis
1389 551 1633 608 perspicue

197 637 270 676 est
302 628 514 674 traditum
551 626 640 684 (cf.
668 626 874 672 Diomed.
904 626 978 670 111.
1013 639 1058 683 p.
1087 620 1176 672 386
1203 607 1273 670 ed.
1312 624 1364 668 Ρ
1401 632 1447 669 et
1476 618 1632 670 Schol.

198 705 334 763 Gruq.
363 704 423 748 ad
449 701 559 749 Hor.
589 715 691 758 epp.
720 701 819 744 libr.
850 700 904 743 11.
936 699 976 743 1.
1002 699 1111 754 69.)
1139 700 1265 756 prius
1295 699 1556 744 comoedias
1583 699 1632 742 in

199 792 384 824 scenam
418 777 642 829 edidisse,
681 781 726 818 et
759 780 946 830 postera
982 773 1160 818 demum
1198 778 1359 817 aetate·⁶
1373 772 1633 830 tragoedias

199 853 444 909 scripsisse
473 844 652 907 colligd.
711 849 761 892 ln
790 848 1038 892 comoediis
1067 861 1177 891 vero
1217 846 1349 890 nimis
1377 845 1521 890 libera
1548 846 1632 890 lin-

200 941 291 985 gna
325 925 650 971 locutusesse
690 923 865 966 videtur
902 921 989 978 (cf.
1018 920 1140 967 Fest.
1170 935 1209 965 s.
1239 933 1281 965 v.
1312 919 1485 964 liberal.
1526 919 1634 964 „Li-

202 1004 313 1047 bera
338 1001 494 1058 lingua
521 999 747 1056 loquimur
784 996 916 1042 festis
951 995 1266 1047 liberalibus⁶⁴3
1303 1002 1348 1039 et
1376 993 1635 1039 Volcatium

204 1075 454 1133 Sedigitum
484 1073 603 1129 apud
633 1071 748 1117 Gell.
777 1071 832 1114 N.
862 1070 918 1114 A.
948 1070 1048 1114 libr.
1069 1069 1172 1114 XV.
1202 1084 1240 1113 c.
1261 1067 1448 1113 xxm:
1478 1065 1636 1114 „Dein

202 1150 426 1202 Naevius,
465 1147 539 1205 qui
568 1145 747 1190 fervet«
780 1152 824 1188 et
854 1145 995 1199 cet.);
1031 1157 1136 1186 nam
1163 1143 1211 1186 in
1239 1142 1485 1186 comoediis
1513 1127 1636 1187 vete-

202 1225 267 1269 ris
299 1222 505 1268 Graecae
544 1219 805 1265 comoediae
843 1216 1018 1262 dicendi
1053 1217 1303 1261 libertatem
1340 1216 1505 1261 imitari
1543 1223 1636 1261 stu-

205 1299 314 1343 duit.
358 1295 445 1353 (cf.
476 1295 571 1340 Cic.
610 1294 666 1338 de
704 1292 816 1350 Rep.
859 1291 1014 1350 fragm.
1049 1291 1149 1336 libr.
1178 1290 1256 1335 IV.
1287 1291 1407 1347 apud
1434 1290 1551 1349 Aug.
1580 1290 1640 1335 de

205 1374 325 1418 civit.
356 1372 428 1415 dei
458 1370 511 1414 11.
540 1369 612 1422 9.)
669 1368 892 1412 Laeserat
918 1379 1029 1410 vero
1058 1365 1144 1409 hac
1173 1365 1383 1418 assidua,
1426 1379 1515 1422 qna
1543 1372 1641 1410 erat

204 1445 519 1491 maledicentia
545 1444 775 1499 principes
810 1441 1033 1492 civitatis,
1073 1439 1313 1494 Scipiones
1348 1438 1565 1493 imprimis
1595 1445 1643 1482 et

205 1519 441 1575 Metellos3
472 1530 660 1576 quorum
687 1516 735 1559 in
765 1514 1024 1571 Scipionem
1051 1511 1336 1567 Africanum,
1366 1526 1498 1570 quem
1524 1511 1639 1556 mili·

207 1604 278 1639 tes
308 1607 486 1651 quoque
514 1598 700 1647 propter
727 1590 865 1633 vitam
904 1588 1140 1632 delicatam
1178 1594 1223 1630 et
1258 1586 1423 1631 multos
1462 1598 1641 1631 amores

206 1667 446 1728 φιλογύνην
484 1664 573 1720 (cf.
603 1663 762 1722 Polyb.
793 1663 849 1707 X.
880 1662 982 1716 19.)
1021 1661 1332 1715 nominabant,
1368 1660 1510 1705 hosce
1539 1673 1640 1705 ver-

208 1757 288 1788 sus
317 1744 585 1797 scripserat:

268 1815 447 1859 „Etiam
477 1814 552 1870 qui
580 1826 659 1856 res
688 1824 875 1868 magnas
904 1824 1038 1854 manu
1068 1824 1207 1866 saepe
1236 1811 1380 1866 gessit
1408 1807 1625 1865 gloriose,

210 1890 350 1935 Cuius
377 1887 499 1933 facta
526 1887 632 1931 viva
658 1900 779 1931 nunc
807 1885 984 1943 vigent,
1016 1884 1092 1943 qui
1121 1883 1241 1941 apud
1268 1889 1429 1940 gentes
1458 1880 1587 1926 solus

259 1965 494 2009 Praestat:
515 1975 617 2007 eum
631 1968 760 2017 pater
779 1974 879 2004 cum
897 1959 1037 2016 pallio
1056 1972 1146 2002 uno
1166 1945 1224 2001 ab
1245 1957 1390 2001 amica
1408 1955 1605 2000 abduxit.
1616 1967 1640 1989 α

1192 2030 1282 2086 (cf.
1317 2030 1433 2076 Gen.
1463 2031 1541 2076 Vl.
1569 2028 1644 2085 8.)

325 2115 429 2159 Non
458 2112 633 2165 dubito,
665 2111 772 2167 quin
800 2110 876 2154 hic
906 2109 1060 2165 Scipio
1089 2107 1223 2153 fuerit
1241 2105 1368 2151 Publ.
1390 2104 1525 2149 Corn.
1546 2104 1642 2150 Sci-

210 2191 287 2247 pio
316 2188 560 2234 Africanus
599 2186 744 2243 major
778 2183 935 2241 (Publ.
975 2182 1111 2228 Corn.
1141 2181 1368 2236 Scipionis
1404 2193 1501 2224 cos,
1530 2194 1575 2222 u.
1604 2192 1644 2222 c.

212 2263 463 2307 Dxxxvl.
492 2260 669 2313 filius),
706 2259 782 2316 qui
811 2256 971 2301 consul
999 2263 1097 2300 erat
1126 2268 1243 2298 anno
1272 2269 1315 2297 u.
1346 2268 1385 2298 c.
1413 2251 1573 2297 1)le.
1602 2258 1648 2296 et

213 2338 374 2390 DLX„
415 2349 580 2381 censor
606 2332 748 2378 DLV.
804 2334 920 2376 Nam
949 2331 1039 2375 hoc
1067 2336 1113 2374 et
1144 2328 1280 2373 Gellii
1307 2327 1338 2371 1.
1368 2327 1398 2370 1.
1429 2333 1475 2370 et
1501 2326 1646 2382 ipsius

212 2411 372 2456 Naevii
400 2412 541 2454 verba
568 2410 676 2454 mihi
713 2407 1008 2463 comprobare
1036 2404 1256 2448 videntur.
1315 2400 1491 2446 Gellius
1528 2399 1648 2443 enim

213 2487 291 2531 Vl.
320 2486 361 2530 8.
394 2486 529 2530 dixit:
569 2486 626 2530 de
662 2484 862 2529 eiusdem
903 2479 1132 2536 Scipionis
1169 2476 1393 2530 moribus,
1429 2473 1649 2519 Naevium

212 2561 400 2605 forsitan
438 2567 640 2606 secutum
678 2560 899 2603 adversus
942 2568 1102 2601 onmes
1138 2556 1384 2608 scriptores
1422 2547 1526 2594 Val.
1553 2546 1646 2592 An-

214 2637 365 2680 tiatem
406 2636 633 2688 sensisse,
685 2641 730 2678 et
766 2631 960 2690 puellam
1006 2628 1224 2686 captivam
1261 2626 1498 2682 hispanam
1547 2634 1648 2667 eum

197 252 383 313 satiust,
418 256 690 313 carminibus
718 254 824 301 ioco
855 230 1397 310 etffloeitatcressertls
1415 249 1537 322 ὠέῳ
1551 248 1626 322 sit,
1718 207 1733 227 x
1766 205 1791 302 ,μ
