1814 2767
1567 115 1626 160 85

398 232 628 279 »Dictator

309 305 423 355 Ubei
451 319 627 352 currum
656 304 811 349 insidit
835 303 1094 361 pervehitur
1110 317 1256 362 usque
1283 304 1342 348 ad
1371 304 1625 360 oppidum«.

192 380 381 438 Propter
408 381 646 426 lectionem
673 377 1007 436 inter-prolatam
1035 378 1151 423 haee
1178 378 1318 423 verba
1346 379 1404 423 ab
1437 377 1493 423 Η.
1535 377 1622 423 Co·

192 454 345 499 lamna
371 469 414 511 p.
444 456 541 500 140.
570 454 705 498 Hess.
734 455 850 497 inter
877 453 1083 496 Enniana
1108 451 1376 496 referuntur.
1415 452 1508 496 Sed
1535 453 1624 495 iam

191 528 344 572 Herm.
373 529 502 573 elem.
532 528 692 585 p.3ffl7
721 541 779 572 ea
805 528 911 573 belli
930 528 1083 584 punici
1112 541 1218 572 esse
1247 540 1502 585 agnoscens
1530 540 1627 571 me·

195 610 311 648 trum
340 604 410 648 sie
436 603 653 647 restituit:

329 677 564 732 „Dictator
590 677 668 721 ubi
697 691 876 728 currum
903 675 1058 720 insidit

306 751 572 795 Pervehitur
606 765 752 808 usque
790 753 849 794 ad
884 752 1145 807 oppidum.“
1201 750 1351 807 Magis
1378 763 1488 793 vero
1515 749 1623 792 mihi

195 825 323 869 metri
343 826 457 869 ratio
488 825 668 878 arridet,
699 838 832 883 quam
859 824 1104 869 Muellerus
1131 831 1178 881 p.
1211 825 1295 869 153
1322 831 1392 868 est
1423 830 1622 877 secutus,

195 912 285 954 qua
311 913 363 942 re
392 911 492 941 eam
520 898 754 954 amplexus
783 910 896 942 sum.

705 973 918 1030 Fragm.
960 971 1097 1016 LXII.

305 1045 491 1090 Praeter
517 1045 606 1089 hoc
635 1045 807 1090 Merula
837 1054 880 1089 et
911 1046 1246 1102 spangenberg.
1283 1044 1405 1090 aliud
1445 1059 1623 1103 quoque

191 1117 348 1175 fragm.
381 1120 500 1176 quod
530 1126 677 1162 exstat
704 1120 751 1162 in
779 1120 913 1162 Varr.
942 1119 971 1161 l.
1001 1119 1032 1162 l.
1060 1119 1148 1162 325
1179 1119 1257 1173 Sp.
1286 1119 1344 1162 39
1380 1118 1456 1171 Μ.,
1487 1119 1622 1161 inter-

193 1192 348 1248 polata
376 1193 569 1236 nominis
599 1192 793 1237 lectione
822 1193 989 1237 inducti
1009 1192 1337 1236 interEnniana
1354 1192 1623 1237 retulerunt:

401 1272 561 1322 „atque
589 1266 715 1321 prius
744 1267 863 1322 parit
889 1266 1067 1310 locusta

309 1337 477 1381 Lucam
486 1341 673 1382 bovema
687 1356 699 1391 ;
716 1342 836 1397 quod
849 1341 1036 1383 saturnii
1054 1353 1217 1384 versus
1229 1341 1472 1384 membrum
1483 1340 1623 1383 omni-

192 1413 278 1456 bus
307 1412 515 1456 adhibitis
544 1413 764 1458 machinis
793 1415 840 1457 in
858 1428 1039 1458 versum
1057 1414 1240 1471 longum
1268 1414 1501 1470 porrigere
1530 1420 1622 1457 stu·

194 1487 383 1530 duerunt
400 1486 530 1530 Ennii
543 1487 765 1532 Editores.
784 1487 845 1531 At
862 1486 1041 1532 frustra.
1069 1488 1185 1532 Nam
1205 1495 1311 1544 optt.
1328 1488 1458 1532 codd.
1477 1487 1624 1531 Havn.

194 1560 376 1617 Sciopp.
385 1561 574 1604 Florent.
584 1562 686 1605 Par.
695 1576 723 1604 a
738 1568 782 1604 et
791 1563 832 1606 b.
844 1563 1004 1605 Naevii
1014 1575 1178 1606 nomen
1187 1562 1385 1607 hocloco
1397 1562 1621 1606 exhibent.

701 1635 913 1693 Fragm.
943 1635 1106 1680 LXIV.

305 1708 441 1752 Aliud
479 1709 638 1753 deinde
683 1708 1002 1767 fragmentum,
1054 1708 1174 1767 quod
1219 1724 1354 1767 quum
1401 1710 1622 1766 integrum

192 1795 374 1827 versum
403 1783 658 1827 Saturnium
687 1786 917 1839 praebeat,
947 1785 1157 1828 etNaevii
1173 1785 1352 1828 nomine
1381 1784 1513 1826 nobis
1545 1798 1620 1826 ex-

190 1855 411 1910 hibeatur,
450 1858 497 1900 in
534 1872 711 1901 carmen
749 1862 846 1902 eius
896 1859 952 1901 de
989 1858 1107 1901 bello
1145 1859 1304 1913 punico
1341 1856 1625 1900 referendum

194 1944 300 1973 esse
319 1937 440 1984 puto,
462 1939 608 1974 exstat
620 1932 692 1974 his
712 1933 864 1975 verbis
880 1933 997 1986 apud
1017 1932 1289 1974 Macrobium
1303 1931 1479 1974 saturn.
1495 1931 1528 1972 1.
1541 1930 1620 1973 18:

193 2002 398 2066 (Apollo)
428 2004 563 2047 Liber
591 2019 619 2047 a
637 2005 853 2049 Romanis
882 2004 1147 2063 appellatur,
1178 2006 1297 2063 quod
1324 2004 1440 2047 liber
1468 2010 1513 2047 et
1540 2017 1620 2047 va·

195 2071 282 2134 gns
313 2084 397 2130 est,
426 2085 475 2121 ut
503 2079 565 2120 ait
593 2079 815 2122 Naevius:

307 2151 403 2195 Hae
433 2153 521 2209 quei
550 2149 621 2195 sol
649 2154 794 2210 wig-us
823 2150 1025 2196 habenas
1045 2152 1064 2207 Η
1084 2152 1241 2209 ignens
1271 2153 1460 2195 immittit

306 2226 408 2269 Non
437 2227 605 2279 dubito,
636 2228 741 2284 quin
769 2226 883 2272 haec
896 2229 1034 2272 verba
1063 2229 1121 2271 ad
1141 2229 1329 2285 primum
1356 2235 1433 2271 aut
1462 2241 1621 2273 secun-

197 2299 302 2342 dum
328 2299 489 2343 librum
516 2302 821 2355 pertinuerint.

406 2374 609 2430 Fragm.
640 2376 779 2428 LXV,
807 2375 967 2419 LXVI.
996 2373 1176 2428 LXVII,
1205 2376 1405 2418 LXVIII.

307 2447 481 2497 Quibus
510 2455 717 2506 quattuor
745 2447 820 2493 vel
849 2449 1044 2506 quinque
1060 2448 1150 2492 alia
1176 2447 1424 2506 ftagmenta
1452 2447 1622 2491 minuta

195 2521 298 2564 addi
327 2513 541 2577 possunt,
573 2535 686 2579 quae
724 2523 885 2579 partim
923 2529 1107 2579 propter
1140 2535 1351 2566 versuum
1388 2523 1620 2574 rationem,

195 2594 355 2651 partim
390 2601 574 2652 propter
617 2598 853 2641 verborum
892 2597 1181 2651 sententiam,
1228 2609 1359 2654 quam
1396 2595 1620 2649 exhibent,

194 2669 352 2715 Naevii
382 2671 438 2716 de
468 2667 584 2716 bello
615 2685 746 2727 poen.
777 2672 905 2729 prim.
944 2672 1085 2730 primo
1125 2670 1307 2716 carmini
1346 2670 1449 2715 mihi
1479 2671 1619 2715 vindi-
