1814 2767
191 250 288 295 Nec
314 249 486 306 dubito,
517 249 624 308 quin
650 260 702 292 re
730 259 842 293 vera
880 250 923 294 ei
962 249 1054 293 sint
1088 227 1368 305 tribuendas·
1384 262 1490 296 nam
1525 263 1629 313 ρος·

193 325 356 381 spicua
393 324 583 368 saturnii
621 323 815 380 vestigia
851 324 899 375 in
936 324 995 367 iis
1033 328 1233 377 exstant,
1271 336 1363 381 qua
1381 320 1448 369 're
1462 346 1465 347 ⁷
1481 315 1630 386 Ennio

193 412 292 451 non
316 404 510 455 possunt
536 396 771 441 vindicari.
828 396 931 442 Huc
957 397 1152 451 accedit,
1192 397 1313 454 quod
1349 396 1512 443 Naevii
1546 410 1629 443 no-

194 486 298 516 men
327 486 357 515 a
385 478 642 515 correctore
672 471 845 524 eodem,
877 472 953 528 qui
983 478 1029 514 et
1056 471 1161 515 alibi
1191 471 1633 523 auctorumnomina

191 546 389 591 Varroni
418 546 591 590 omissa
626 543 837 598 inculcat,
873 545 1091 589 insertum
1130 558 1237 590 esse
1275 557 1332 588 ea
1371 558 1429 589 ex
1463 557 1632 590 caussa

191 633 285 664 non
315 626 438 676 puto,
469 620 590 677 quod
608 619 809 663 Naevius
837 625 974 674 poeta
1001 619 1134 663 nimis
1163 617 1377 676 ignobilis
1407 625 1504 663 erat
1530 619 1630 662 eius

193 695 356 738 aetatis
386 694 664 745 hominibus,
703 693 833 736 cuius
871 706 1037 736 nomen
1075 706 1104 735 a
1140 699 1398 737 correctore
1436 693 1629 750 quodam

193 768 416 812 adiectum
444 780 552 811 esse
580 773 739 822 putare
769 766 939 822 possis.
971 790 1023 798 —

308 841 411 891 Qua
446 854 498 884 re
536 841 752 894 arbitror,
791 841 954 885 Naevii
990 853 1154 884 nomen
1191 839 1360 897 primos
1404 838 1628 885 Varronis

193 916 394 960 editores
424 929 451 960 e
481 916 712 960 codicibus
743 915 1007 972 quibusdam
1026 929 1145 960 nunc
1165 914 1408 971 deperditis
1437 916 1627 959 eruIsse.

308 989 446 1034 Addit
474 1003 557 1046 pro
595 989 765 1032 addidit
802 1002 858 1032 ex
889 988 1056 1045 optimo
1088 989 1246 1035 codice
1281 988 1426 1034 Havn.
1461 988 1628 1045 recepi,

191 1071 243 1114 ut
270 1064 512 1108 Saturnius
542 1064 717 1107 evadat.

726 1137 933 1194 Fragm.
974 1136 1096 1180 Vlll.

944 1211 1191 1257 Amborum

328 1286 509 1330 Uxores
538 1288 672 1347 noctu
699 1286 892 1330 Troiade
911 1286 931 1343 ΙΙ
951 1287 1131 1331 exibant
1159 1287 1379 1344 capitibus

330 1362 513 1417 Opertis
542 1361 704 1405 flentes
733 1361 881 1404 abeun
900 1361 920 1415 ΙΙ
938 1362 1009 1404 tes
1037 1361 1248 1404 lacrumis
1278 1374 1377 1404 eum
1404 1361 1568 1404 multis.

191 1433 273 1489 (cf.
305 1434 435 1480 Serv.
465 1436 525 1478 ad
553 1434 680 1491 Virg.
710 1434 825 1479 Aen.
854 1433 930 1479 111.
963 1435 1031 1479 10.
1059 1433 1190 1478 Both.
1229 1433 1387 1491 fragm.
1425 1447 1550 1480 scen.
1578 1448 1624 1492 p.

188 1508 282 1561 96.)
311 1509 512 1552 Vossius
539 1508 587 1550 in
615 1508 737 1551 notis
767 1509 827 1551 ad
854 1509 994 1551 Naev.
1023 1507 1182 1565 fragm.
1213 1522 1256 1563 p.
1295 1509 1377 1559 763
1414 1509 1462 1551 in
1500 1508 1622 1553 Scri-

188 1583 287 1627 veri
314 1582 347 1626 l.
377 1582 407 1626 l.
465 1581 517 1624 In
565 1583 695 1626 codd.
743 1581 859 1626 haec
900 1583 1041 1626 verba
1087 1583 1157 1626 sic
1204 1589 1408 1626 exstant:
1438 1612 1621 1627 .....

190 1657 407 1712 „Opertis
435 1655 599 1699 flentes
628 1657 786 1698 ambae
814 1657 1033 1699 abeuntes
1060 1655 1273 1699 lacrumis
1297 1669 1398 1699 cum
1425 1654 1623 1700 multis“.

189 1730 381 1775 Bothius
420 1729 688 1774 vocabulum
725 1731 967 1783 abeuntes,
1008 1737 1232 1787 tamquam
1275 1729 1499 1787 glossam,
1544 1731 1623 1774 ab·

187 1805 316 1856 iecit;
375 1810 422 1847 at
449 1804 537 1848 hoc
564 1818 652 1848 ncn
680 1817 870 1860 possum
899 1806 1217 1860 comprobare,
1248 1804 1547 1862 quianullum
1573 1804 1622 1849 in

188 1879 276 1923 hoc
303 1892 442 1924 versu
472 1885 544 1923 est
572 1880 772 1932 verbum,
802 1880 921 1937 quod
932 1879 1089 1937 glossa
1099 1886 1254 1937 egeat3
1284 1894 1373 1937 qua
1390 1894 1441 1924 re
1468 1880 1622 1936 potius

189 1955 421 2007 »ambae«,
449 1960 499 1997 ut
526 1960 678 1997 natum
707 1967 765 1998 ex
793 1953 1013 1998 vocabulo
1043 1955 1286 2009 abeuntes,
1316 1953 1446 2012 siglis
1476 1954 1619 2012 scrip·

185 2035 249 2081 to,
279 2029 544 2072 eiiciendum
572 2041 680 2072 esse
709 2028 913 2071 arbitror.

650 2101 859 2160 Fragm.
889 2101 966 2147 lX.
996 2102 1051 2146 X.
1079 2102 1158 2148 xl.

361 2176 529 2221 Eorum
558 2174 730 2230 sectam
758 2176 885 2220 multi
910 2179 917 2228 Ι
940 2176 1155 2220 mortales
1184 2177 1444 2234 sequuntur.
1471 2230 1478 2234 ῃ

437 2249 699 2307 Multi(que)
729 2249 806 2294 alii
835 2250 1029 2294 Troiade
1047 2249 1067 2306 ΙΙ
1087 2247 1258 2295 strenui
1286 2250 1372 2295 viri

458 2323 547 2369 Ubi
575 2322 700 2368 fords
729 2339 831 2370 cum
856 2326 864 2377 Ι
889 2324 1000 2369 auro
1016 2324 1122 2380 ‚illic
1155 2326 1346 2370 exibant.

303 2399 413 2444 Tria
439 2398 555 2442 haec
581 2397 696 2457 frag.
734 2399 863 2444 Serv.
902 2400 962 2443 ad
998 2400 1125 2458 Virg.
1152 2400 1268 2445 Aen.
1305 2399 1360 2445 11.
1390 2389 1620 2446 797-699

185 2475 255 2519 sic
282 2474 417 2520 nobis
446 2473 669 2519 exhibuit:
700 2474 855 2520 „Sane
882 2475 1060 2518 adamat
1087 2482 1224 2532 poeta
1259 2475 1518 2533 (Virgilius)
1548 2487 1622 2527 ea,

184 2562 303 2607 quae
338 2548 474 2607 legit,
513 2548 695 2593 diverso
731 2549 866 2593 modo
904 2547 1119 2607 proferre.
1187 2550 1389 2609 Naevius
1425 2550 1472 2593 in
1514 2547 1622 2594 belli

184 2624 338 2673 punici
366 2623 512 2680 primo
543 2623 599 2668 de
615 2623 819 2670 Anchisa
848 2630 893 2669 et
909 2623 1067 2670 Aenea
1093 2622 1368 2683 fugientibus
1395 2622 1510 2668 haec
1537 2622 1622 2669 aitt
