1814 2767
998 66 1022 87 D

185 113 248 163 32

195 226 396 289 alteram
404 226 589 289 accedit
615 223 774 284 W
788 226 1122 287 wsstfflmwm
1129 231 1231 284 m«
1260 214 1354 293 „gfff
1376 234 1458 289 “,

193 316 259 347 co
276 305 503 361 tempore²
529 302 618 371 quo
648 301 694 346 in
722 292 901 352 mediis*-
914 299 1027 354 belli·
1038 291 1227 358 ιιιιιιςίφίς,
1285 293 1364 353 ,’

193 377 375 438 primass
355 375 587 423 stramina
613 383 660 421 et
675 377 879 435 mirra
890 376 1037 430 ἰωὴ,
1032 381 1210 433 poetae
1222 377 1340 427 θοι
1349 361 1510 431 θὶφῶ
1507 372 1629 434 m·

197 453 284 498 sim
312 449 630 510 popularem,
638 465 724 494 nec
759 448 863 494 res·
859 447 1050 510 paenae
1087 457 1133 494 et
1162 444 1391 513 vetusta&
1391 438 1633 500 mene'ffi'e

195 526 521 605 amplectantes
559 531 846 611 tractui-ent,
866 505 1134 622 sedfbella‘s
1127 524 1287 619 ipsa,··
1296 521 1471 581 quibus
1485 514 1631 590 ὲίιιῐοι-

195 634 398 719 Naevius
429 682 474 719 et
504 673 696 718 Ennius*
705 675 795 717 iam
824 642 1033 717 vetusta
1051 664 1272 726 cau-mina*
1280 628 1460 722 'tantae‘
1477 673 1634 730 copiae

197 752 398 808 tantique
428 751 636 802 ambitus,
667 749 819 806 quanti
848 748 1120 792 Niebuhr-ius
1151 749 1334 803 putavit,
1365 750 1490 806 quin
1502 735 1635 793 etiarn

199 839 228 868 a
263 825 478 868 Romanis
515 825 562 866 in
598 823 746 878 epulis
784 824 997 866 cantitata
1026 831 1078 867 et
1116 826 1303 870 recitata
1340 823 1636 889 invenissent,

201 900 242 941 si
272 900 460 941 materia
488 900 547 941 iis
577 898 813 941 affuissent
843 912 900 940 ex
929 905 1150 942 vetustate
1162 905 1344 942 servata
1372 905 1417 941 et
1445 884 1637 955 quadam

199 974 376 1016 ratione
405 973 495 1015 iam
526 972 703 1016 exculta
732 979 777 1014 et
805 972 935 1026 poesi
967 973 1115 1028 digna,
1148 987 1257 1015 sane
1287 971 1410 1014 nulla
1438 972 1496 1015 iis
1525 972 1635 1015 fuis-

203 1061 256 1091 se
287 1060 468 1099 caussa,
498 1054 546 1089 ut
575 1046 803 1088 materium
833 1052 922 1087 tam
953 1046 1146 1089 ieiunam
1191 1054 1235 1090 et
1262 1046 1517 1102 prosaicam
1545 1046 1636 1102 pri-

203 1136 276 1165 mo
306 1122 579 1164 tractandam
610 1120 695 1162 sibi
726 1121 1007 1163 sumserint.‘

317 1195 485 1238 Nostra
527 1195 684 1251 igitur,
728 1201 777 1236 ut
816 1185 873 1237 ad
911 1195 1188 1250 propositam
1226 1196 1640 1238 commentationem
1688 1193 1690 1196 ’

204 1277 504 1322 revertamur,
553 1269 667 1311 haec
716 1275 787 1311 est
830 1270 886 1311 de
924 1269 1011 1312 hac
1045 1270 1177 1324 poesi
1221 1270 1389 1324 opinio.
1445 1270 1642 1313 Fuerunt

206 1344 422 1387 sanciam
442 1343 751 1399 antiquissimo
773 1349 988 1398 tempore,
1019 1344 1277 1399 priusquam
1294 1344 1498 1386 Graecae
1519 1350 1640 1386 artes

213 1425 348 1474 atque
379 1417 555 1459 litterae
575 1417 763 1458 Romam
778 1422 1093 1471 pervenerunt,
1123 1416 1238 1459 inter
1258 1416 1385 1472 ipsos
1414 1416 1643 1459 Romanos

211 1492 410 1535 carmina
459 1490 621 1543 multa,
667 1491 827 1547 quibus
871 1492 1085 1533 maiorum
1127 1490 1246 1533 sacta
1290 1497 1333 1533 et
1368 1480 1643 1546 reipublicae

207 1565 302 1609 fata
340 1564 784 1608 concelebrabantur.
857 1563 956 1613 Hoc
1005 1565 1122 1607 enim
1164 1564 1356 1618 Romuli,
1399 1564 1644 1622 Tarquinii,

209 1638 510 1682 Horiatiorum
523 1669 535 1690 ,
577 1638 805 1680 Cariolani
845 1638 1049 1694 aliaeque
1088 1640 1380 1695 comprobant
1414 1639 1644 1692 historiae,

211 1726 326 1768 quas
366 1726 445 1764 ea,
484 1725 572 1767 qua
609 1712 741 1753 nobis
771 1718 875 1753 sunt
904 1725 932 1753 a
975 1712 1103 1754 Livio
1136 1716 1180 1753 e't
1207 1711 1431 1768 Dionysio
1475 1711 1646 1756 relatae

211 1785 357 1829 forma
387 1799 443 1828 ac
471 1786 626 1841 specie
655 1799 801 1842 neque
833 1799 887 1827 ex
928 1784 1091 1828 ieiunis
1129 1786 1386 1840 pontificum
1423 1800 1646 1829 commen-

213 1860 357 1912 tariis,
388 1873 536 1916 neque
566 1859 669 1903 aliis
700 1872 754 1901 ex
784 1860 1104 1912 monumentis,
1143 1861 1225 1903 sed
1261 1874 1315 1902 ex
1357 1875 1435 1903 ore
1480 1867 1648 1903 tantum

211 1928 382 1991 populi,
412 1934 459 1976 in
489 1948 578 1990 quo
609 1934 739 1976 vivae
768 1932 1038 1985 ferebantur,
1069 1933 1247 1976 haurire
1276 1941 1527 1988 potuerunt.
1556 1934 1650 1993 Ve-

214 2022 314 2052 rum
345 2008 462 2051 enim
490 2022 600 2050 vero
630 2021 721 2050 non
750 2021 914 2064 magna
943 2014 1038 2050 arte
1067 2007 1246 2051 fuerunt
1275 2009 1546 2063 composita,
1574 2022 1650 2051 ne·

216 2096 327 2139 que,
359 2083 480 2138 quod
508 2081 779 2124 Niebuhr-ius
809 2083 1003 2135 putavit,
1042 2083 1277 2132 ἐποπόιαι,
1317 2083 1433 2125 sicut
1467 2077 1650 2124 Homeri

216 2158 429 2216 carmina,
458 2168 545 2198 nec
575 2154 706 2210 cycli,
738 2155 813 2211 qui
835 2163 1066 2209 vocantur,
1097 2156 1213 2211 epici
1234 2157 1368 2200 certis
1391 2156 1652 2213 quibusdam

219 2230 384 2274 finibus
415 2230 752 2289 circumscripti.
803 2229 912 2272 Sed
943 2229 1281 2284 simpliciter
1309 2229 1494 2273 fuisse
1523 2229 1652 2273 mihi

216 2303 485 2349 vident-ur
523 2304 900 2348 convivarum
938 2311 1161 2357 cantus,
1201 2305 1293 2361 qui
1331 2301 1655 2366 exhilarata

218 2383 402 2427 mente
445 2379 706 2435 curisque
754 2378 1006 2425 omnibus
1052 2378 1266 2422 solutis
1303 2379 1482 2432 hisce⁴
1502 2375 1653 2437 g'e'n‘ii

219 2452 381 2496 ludis
412 2466 545 2496 sese
590 2453 1039 2515 committebant,
1082 2454 1462 2511 maiorumque
1504 2453 1656 2497 facta

220 2527 572 2584 virtutesque
640 2527 704 2570 ad
772 2527 1037 2572 maiorem
1087 2527 1339 2585 ‘generis
1399 2527 1655 2588 ipsorum

219 2600 584 2657 splendorem
642 2602 695 2643 in
745 2602 1063 2645 memoriam
1117 2601 1378 2645 suaviter
1406 2596 1654 2645 'revoca-
