1814 2767
681 133 700 143 x

187 170 245 216 48

188 268 664 346 qompowstera
692 289 836 336 aetas,
867 285 913 326 in
944 296 1032 341 qua
1062 281 1245 345 graeca
1256 275 1350 328 iani
1358 283 1621 344 praev-eluit

435 351 515 413 ἑὲ,
537 358 635 401 sive
664 357 873 413 priscos?
892 367 936 402 et
952 373 1097 417 quum
1124 359 1307 402 Latinis
1329 367 1485 405 essent
1513 362 1622 415 p'ro

573 432 689 474 talos
742 432 771 474 i.
821 446 861 476 e.
916 432 1152 476 Saturnios
1191 434 1450 477 nominavit.
1507 433 1623 476 Nam

187 507 276 552 hoc
305 502 571 551 vocabulum
599 505 710 548 nihil
741 505 884 559 aliud,
915 521 971 552 ac
999 508 1195 563 priscum
1215 509 1452 563 etproprie
1467 506 1645 573 Italum³

189 577 474 626 aemathium
503 579 738 637 significat.

213 664 248 690 ’ἐ
303 657 454 706 Quare
492 669 655 699 versus
695 655 850 698 omnis*
871 656 1073 711 generis,
1118 657 1194 712 qui
1225 656 1270 698 in
1301 654 1622 713 antiquissimis

187 715 435 774 litterarum
462 729 700 773 latinarum
729 729 1024 772 monumentis
1054 729 1341 784 praevalente
1370 738 1511 774 metro
1531 737 1620 772 tro-

190 806 346 849 chaico
362 803 661 861 inveniuntur
691 803 929 845 Saturnios
960 804 1213 862 nominatos
1245 817 1349 846 esse
1378 809 1504 858 puto,
1535 804 1622 846 etsi

190 880 371 935 diversa
399 879 516 921 inter
546 891 597 920 se
619 890 759 932 saepe
775 876 950 920 fuerant
978 876 1135 920 forma.
1166 877 1332 920 Verum
1362 885 1433 920 est
1462 891 1622 921 secun·
1654 891 1656 893 ’

189 948 293 996 dum
318 959 528 995 *naturam
559 952 713 1007 epicae
744 952 917 1006 poesis,
948 960 996 994 ut
1025 953 1069 994 in
1102 966 1156 995 ea
1168 951 1426 1008 praevaleat
1455 959 1624 996 certum

191 1029 415 1086 quoddam
446 1034 579 1083 atque
608 1027 787 1069 unicum
817 1034 1017 1079 metrum,
1048 1028 1239 1083 ideoque
1260 1030 1305 1068 in
1333 1027 1483 1070 latinis
1515 1040 1622 1082 quo-

191 1117 278 1160 que
314 1102 604 1153 carminibus,
659 1101 704 1142 in
742 1100 858 1142 Livii
901 1100 1122 1153 Odyssea,
1172 1102 1217 1142 in
1262 1101 1458 1144 carmine
1499 1102 1622 1143 Pria-

189 1178 249 1219 mi
300 1184 344 1219 et
391 1175 549 1218 Naevii
579 1174 699 1217 bello
729 1175 920 1228 poenico
966 1175 1055 1216 iam
1095 1174 1181 1217 hac
1212 1189 1266 1216 ex
1300 1189 1463 1219 caussa
1490 1188 1624 1217 unum

189 1251 468 1306 eundemque
485 1255 672 1291 metrum
685 1248 886 1291 valuisse
898 1248 1028 1290 nobis
1039 1262 1093 1290 ex
1115 1249 1179 1290 rei
1197 1255 1353 1290 natura
1373 1256 1497 1291 esset
1518 1261 1623 1291 con—

188 1324 448 1379 iiciendum3
504 1323 622 1379 quod
671 1336 721 1365 re
769 1336 877 1364 vera
923 1322 1036 1377 ipsis
1083 1336 1260 1378 quoque
1310 1323 1626 1377 comprobatur

189 1398 466 1453 fragmentis.
494 1397 592 1439 Hoc
621 1396 755 1452 igitur
783 1403 983 1447 metrum,
1014 1403 1252 1450 propterea
1283 1397 1400 1451 quod
1429 1396 1626 1450 priscum

192 1479 288 1516 erat
318 1479 363 1514 et
392 1474 571 1526 proprie
583 1470 796 1522 Italicum,
822 1470 1122 1522 Grammatici,
1154 1470 1315 1525 quippe
1346 1470 1506 1525 quibus
1534 1483 1626 1511 non

189 1547 280 1588 alia
310 1551 596 1588 monumenta
626 1548 872 1596 exstarent,
902 1544 986 1587 καί
1024 1543 1172 1599 ἐξοχὴν
1203 1543 1457 1585 Saturnium
1484 1543 1624 1585 nomi-

190 1631 369 1661 navere.
403 1618 529 1660 Sicut
559 1618 696 1673 igitur
725 1618 780 1659 de
811 1618 1002 1672 genuina
1033 1631 1193 1659 versus
1217 1617 1412 1659 Saturnii
1443 1617 1626 1659 notione

190 1694 306 1735 idem
337 1692 470 1747 plane
489 1691 811 1734 acDiintzerus
844 1691 1138 1733 etLerschius
1168 1691 1213 1732 in
1243 1691 1357 1733 libro
1389 1693 1445 1734 de
1474 1705 1626 1742 versu,

191 1781 320 1824 quem
349 1773 529 1817 vocant,
569 1766 778 1808 Saturnio
821 1766 1078 1808 statuimus:
1119 1780 1218 1809 eum
1257 1765 1402 1809 fuisse
1440 1766 1625 1816 variam,

193 1842 276 1883 sed
305 1841 484 1895 proprie
503 1840 699 1882 Italicam
729 1854 941 1882 versuum
970 1839 1181 1892 formam,
1212 1841 1274 1882 ita
1305 1841 1522 1883 dissentio
1552 1840 1627 1891 iis,

192 1915 357 1971 quippe
389 1913 464 1969 qui
496 1926 552 1955 ea
582 1927 637 1955 ex
667 1926 833 1955 caussa
870 1901 1145 1967 putaverint,
1186 1914 1319 1956 etiam
1349 1917 1394 1956 in
1429 1915 1545 1958 Livii
1584 1922 1629 1957 et

189 1988 351 2032 Naevii
382 1987 606 2030 Saturniis
638 1987 807 2028 variam
840 1994 884 2028 et
912 2000 1004 2028 non
1033 1993 1202 2029 certam
1232 1988 1452 2042 quandam
1483 1995 1629 2029 exsta·

191 2075 242 2104 re
271 2067 513 2103 metrorum
541 2059 745 2102 formam.

310 2135 484 2177 Versus
514 2134 661 2189 igitur,
692 2134 1044 2190 quem'Romani
1064 2134 1154 2178 κατ’
1187 2135 1336 2192 ἐξοχὴν
1374 2134 1630 2178 Saturnium

193 2209 495 2261 nominabant,
526 2208 639 2251 haec
669 2207 752 2251 fuit
780 2206 924 2251 forma
952 2209 1186 2264 primaria:

469 2292 510 2308 ⁸⁴
527 2299 569 2305 -
586 2292 626 2307 ⁹
643 2299 685 2305 “-
702 2294 741 2309 'r‘
757 2302 800 2307 -
816 2293 856 2309 ‘⁴
873 2287 888 2327 Η
902 2283 945 2308 4
964 2294 1242 2312 *****
1246 2309 1256 2318 ·

310 2345 472 2389 Mirum
510 2352 604 2399 est,
645 2352 690 2388 et
724 2352 770 2388 at
804 2353 1008 2389 naturam
1043 2346 1174 2390 huius
1218 2349 1346 2390 metri
1376 2350 1631 2393 accuratius

195 2419 495 2463 definiendam
525 2420 679 2474 magni
717 2421 951 2473 momenti,
983 2422 1102 2476 quod
1132 2421 1420 2466 Grammatici
1457 2437 1629 2476 omneS‚

195 2494 407 2551 (quorum
444 2506 679 2537 recensum
710 2494 913 2538 invenies
965 2496 1084 2550 apud
1132 2495 1282 2540 Herm.
1331 2497 1460 2542 elem.
1508 2505 1631 2541 metr.

194 2582 240 2622 p.
269 2568 356 2612 638
385 2581 485 2624 sqq.
518 2574 563 2610 et
589 2567 636 2610 in
664 2551 907 2613 L.L1}‘§chii
938 2569 1206 2613 etDiintzeri
1223 2570 1375 2615 libello
1404 2587 1448 2628 p.
1466 2571 1631 2625 4—26)

196 2641 371 2686 duobus
402 2655 459 2686 ex
487 2639 688 2698 partibus
718 2642 838 2687 hunc
875 2657 1056 2688 versum
1096 2652 1307 2690 constare
1343 2645 1631 2699 tradiderunt,
