1814 2767
754 273 860 318 Fra
869 288 966 334 gm
994 273 1073 318 lv.

305 349 482 396 Doctus
492 348 696 395 Anchisa
725 356 859 406 q'uem
886 348 1156 407 pulcerrima
1184 346 1338 395 divum
1361 348 1456 394 fata
1484 322 1627 429 docet,
1681 343 1686 348 ’

190 423 389 469 divinum
416 431 466 468 ut
492 431 652 480 pectus
680 423 883 468 haberet.

306 496 370 542 cf.
389 497 734 555 Virg.1nterpr
767 498 838 540 ed.
866 497 983 554 Ang.
1013 497 1135 540 Maio
1165 510 1208 552 p.
1239 496 1298 540 36
1326 498 1385 541 ad
1413 497 1542 555 virg.
1571 496 1627 540 11.

190 585 313 616 vers.
346 570 447 616 678.
488 594 539 602 —-
579 571 750 615 Eadem
767 572 928 616 ·verba
964 571 1139 616 Probus
1178 572 1237 614 ad
1265 570 1393 629 Virg.
1421 571 1518 617 Ecl.
1547 570 1626 615 Vl.

189 645 261 689 31.
298 645 445 690 Ennio
482 647 657 700 tribuit,
697 659 786 703 qua
825 660 875 689 re
905 645 959 692 P.
999 645 1175 690 Merula
1204 653 1249 690 et
1286 645 1627 704 spangenberg.

190 718 272 776 (cf.
310 718 427 765 Enn.
460 718 618 778 fragm.
657 721 692 765 1.
727 735 772 777 p.
808 720 875 774 9.)
933 720 1094 764 Naevii
1129 734 1293 764 nomen
1329 728 1487 765 nostro
1523 719 1627 781 loco

188 793 307 838 falso
337 795 606 839 inculcatum
636 807 743 839 esse
771 799 944 851 putant.
1003 794 1175 838 Verum
1202 794 1409 852 equidem
1436 794 1628 838 Ennium

189 869 348 912 Naevii
377 870 517 913 verba
544 869 761 912 imitatum
791 883 898 914 esse
928 870 1141 923 arbitror,
1179 870 1234 913 de
1273 882 1362 927 qua
1400 869 1500 913 eius
1528 869 1626 912 imi·

190 945 314 986 tandi
361 944 537 987 ratione
586 942 643 987 cf.
693 944 788 988 Cic.
831 944 956 987 Brut.
1009 945 1093 997 19.,
1122 945 1197 987 ubi
1237 945 1292 986 de
1321 943 1466 988 Ennio
1497 943 1627 987 dicitt

191 1017 266 1074 qui
297 1031 326 1061 a
353 1018 527 1062 Naevio
556 1017 631 1061 vel
661 1018 862 1061 sumsisti
891 1018 1044 1071 multa,
1073 1017 1148 1062 vel
1177 1018 1219 1061 si
1237 1031 1381 1075 negas
1410 1009 1626 1073 surripui-

191 1092 265 1135 sti.
322 1091 513 1135 Metrum
542 1092 611 1134 sic
637 1090 829 1134 forsitan
857 1105 1032 1134 mecum
1060 1091 1293 1135 restituas:

305 1165 510 1210 Anchisa
540 1165 696 1208 doctus
728 1165 860 1221 quem
888 1164 966 1221 pul
985 1164 1005 1220 ΙΙ
1026 1166 1217 1208 cerrima
1246 1165 1395 1208 divum
1421 1164 1515 1209 fata

306 1236 456 1284 Doce't
484 1240 681 1282 divinum
708 1246 758 1282 ut
786 1237 946 1295 pectus
974 1239 1036 1282 ha
1054 1239 1074 1294 ΙΙ
1094 1240 1233 1283 beret.

309 1313 442 1363 Quod
472 1313 530 1356 ad
557 1314 703 1368 ipsam
731 1327 827 1356 rem
857 1313 1234 1370 interpretandam
1249 1315 1455 1370 pertinet,
1486 1312 1543 1358 cf.
1572 1313 1629 1357 de

191 1387 394 1433 Anchise
431 1388 700 1432 vaticinante
728 1388 888 1442 Heynii
925 1388 1114 1431 Excurs.
1153 1389 1211 1431 ad
1246 1389 1374 1445 Virg.
1422 1388 1536 1432 Aen.
1573 1387 1628 1430 11.

91 1488 104 1494 ι
194 1463 280 1516 17.,
310 1469 356 1506 et
385 1462 652 1507 deAnchise
681 1464 727 1506 in
742 1462 907 1506 fabulis
926 1463 1115 1506 troianis
1134 1463 1358 1517 partibus:
1391 1462 1628 1506 Claussen.

193 1536 377 1581 Aeneas
393 1538 485 1579 und
501 1538 574 1579 die
594 1536 809 1579 Penaten.
839 1537 873 1579 1.
893 1537 992 1580 317.
1013 1536 1251 1580 143-145.
1271 1536 1480 1591 28—23.)
1510 1537 1629 1580 Nae-

191 1606 294 1654 vius
325 1612 442 1655 sicut
473 1610 689 1667 Virgilius
720 1610 950 1654 Anchisae
978 1624 1220 1665 personam
1256 1611 1320 1652 ita
1346 1611 1535 1653 finxisse
1563 1610 1628 1653 vi-

194 1684 338 1737 detur,
347 1690 397 1727 ut
413 1684 456 1727 ei
477 1683 650 1743 dederit
669 1689 821 1738 partes
842 1683 1053 1737 iubentis,
1081 1684 1418 1740 praecipientis,
1445 1697 1630 1727 monen-

194 1758 394 1814 tis,quod
403 1758 462 1800 ad
480 1764 714 1812 parentum
736 1764 779 1799 et
800 1772 957 1800 senum
974 1758 1247 1812 temporibus
1264 1757 1461 1800 heroicis
1477 1763 1630 1800 aucto-

192 1830 370 1876 ritatem
399 1835 455 1874 ac
482 1830 762 1873 sanctitatem
778 1831 1124 1873 adumbrandam
1154 1830 1387 1886 praeclare
1408 1837 1480 1874 est
1508 1844 1628 1875 com·

192 1911 424 1961 paratum3
455 1904 671 1960 imprimis
699 1911 847 1947 tamen
878 1905 919 1947 ei
957 1905 1184 1948 divinandi
1222 1911 1267 1948 et
1305 1920 1405 1949 cum
1443 1904 1632 1962 auguria

190 1979 357 2032 omina,
405 1978 596 2032 somnia,
639 1984 731 2022 tum
779 1978 963 2023 oracula
1009 1979 1327 2035 interpretandi
1374 1979 1636 2024 facultatem'

191 2054 406 2096 tribuisse
455 2053 655 2103 videtur-3
720 2054 838 2096 sicut
881 2055 1015 2096 etiam
1071 2053 1240 2110 Virgil.-
1271 2054 1386 2098 Aen.
1434 2054 1534 2098 libr.
1573 2054 1627 2097 11.

191 2126 292 2173 687.
322 2127 397 2171 111.
426 2126 456 2170 9
485 2133 531 2170 et
557 2126 657 2171 538.
687 2127 787 2171 V11.
818 2128 915 2172 122.
945 2128 1045 2172 399.
1067 2129 1188 2171 ldem
1203 2127 1499 2181 Enniusfecit,
1528 2141 1630 2172 cum

190 2202 368 2255 Naevii,
412 2207 504 2245 tum
553 2200 830 2245 Graecorum
874 2202 1141 2258 scriptorum
1184 2215 1425 2246 consensu.
1481 2200 1630 2244 Etiam

194 2275 449 2331 Sophocles
487 2276 535 2317 in
568 2263 829 2319 Laocoonte
867 2275 1022 2319 fabula
1061 2275 1262 2318 Aeneam
1307 2276 1544 2320 induxerat
1581 2275 1628 2317 in

191 2349 318 2392 Idam
345 2349 648 2402 secedentem,
685 2347 933 2402 Anchisae,
971 2349 1141 2404 patris,
1181 2350 1335 2403 iussu,
1367 2350 1442 2407 qui
1469 2349 1630 2405 partim

192 2429 484 2479 acceptorum
523 2436 551 2465 a
579 2422 760 2466 Venere
795 2424 1105 2466 mandatorum
1143 2437 1315 2466 memor
1351 2424 1431 2477 (de
1469 2424 1631 2480 quibus

195 2495 256 2551 cf,
284 2497 414 2558 Virg.
443 2496 497 2542 11.
526 2497 650 2551 619),
679 2497 1116 2555 partimprodigium,
1146 2499 1265 2554 quod
1293 2499 1427 2541 modo
1455 2497 1628 2542 inLao-

194 2578 358 2616 coonte
386 2571 576 2628 eiusque
604 2571 709 2615 filiis
739 2572 991 2624 acciderat,
1020 2571 1360 2627 interpretatus,
1396 2571 1522 2616 urbis
1560 2570 1627 2615 in-

193 2645 372 2691 teritum
399 2644 701 2704 praedicebat.
732 2644 791 2691 cf.
819 2645 953 2691 Dion.
983 2644 1084 2693 Hal.-
1112 2646 1146 2691 Ι.
1174 2645 1247 2692 48.
1276 2645 1472 2707 Veneris
1499 2644 1628 2689 iussu
