1814 2767
1570 128 1630 172 59

195 243 251 288 11.
279 256 324 298 p.
357 242 454 295 157,
486 242 582 297 170,
612 243 704 291 182
726 240 946 298 alibique)
974 248 1109 299 atque
1147 240 1335 285 Servius
1372 242 1431 284 ad
1459 242 1627 286 multos

187 316 410 372 Aeneidis
439 316 567 363 locos
596 318 967 368 observaverunt,
998 322 1043 359 et
1071 316 1171 372 ipse
1202 330 1259 359 ex
1289 315 1552 373 fragmentis
1583 326 1628 361 et

194 392 588 453 carminis'specie
617 390 856 446 intelligeS.
894 411 950 420 --
988 391 1132 439 Quam
1172 391 1393 434 carminis·
1427 391 1625 445 speciem

193 481 250 510 ao
276 465 479 520 formam,
507 466 655 524 qualis
684 466 732 509 in
759 465 875 509 libro
906 464 938 510 I.
971 473 1015 508 et
1044 465 1100 508 II.
1131 465 1375 518 exstiterit,
1421 479 1477 508 ex
1506 464 1626 522 frag-

193 541 371 594 mentis,
401 555 516 598 quae
544 541 674 584 uobis
704 547 807 587 sunt
833 540 1008 592 tradita,
1041 541 1189 597 quoad
1207 540 1347 593 licuit,
1378 541 1467 583 iam
1495 540 1626 584 vides

195 628 226 658 a
251 629 328 660 mev
351 616 623 664 restitutam:

310 688 361 734 In
389 690 605 737 carminis.
628 689 755 733 initio
785 689 984 734 declarat
1011 689 1288 746 poeta'(vid.
1316 680 1473 745 fragm.
1505 688 1546 742 1)
1576 702 1628 731 se

195 764 317 816 velle
341 764 505 809 bellum
535 777 699 808 canere
723 777 759 812 a
783 764 1001 808 Romanis
1042 770 1200 809 contra
1230 763 1628 820 Carthaginienses

194 845 392 894 gestum:
423 838 581 884 deinde
611 838 756 885 Musis
796 839 1015 882 invocatis
1047 838 1135 898 (cf.
1173 837 1331 893 fragm.
1370 838 1422 879 II.
1463 844 1507 880 et
1545 836 1628 891 111)

193 913 361 957 misera
403 912 721 957 Laontidarum
768 920 911 956 morte
958 903 1168 958 carininis
1226 913 1394 954 initium
1449 912 1629 967 cepisse

194 987 380 1048 videtur.
397 1035 406 1046 ,
444 988 544 1036 Qua
581 988 682 1031 visa
716 987 957 1041 Anchises,
984 986 1257 1030 Laocoontis
1286 985 1440 1039 frater,
1463 974 1629 1042 'nquem

194 1061 352 1105 Venus
381 1069 544 1115 mater,
583 1062 851 1117 pulcerrima
889 1062 1038 1106 divum
1073 1061 1168 1104 fata
1206 1062 1442 1112 docuerat,
1482 1061 1544 1103 ita
1581 1068 1629 1102 ut

194 1134 388 1179 divinum
425 1142 583 1191 pectus
611 1134 825 1180 haberem
870 1133 950 1189 (cf.
989 1133 1148 1191 fragm.
1178 1135 1256 1186 V.)
1286 1134 1488 1178 Aeneam
1523 1148 1626 1190 per·

194 1210 356 1262 suadit,
392 1216 442 1252 ut
469 1211 623 1252 urbem
658 1209 901 1266 relinquat,
938 1209 1165 1265 filiumque
1196 1208 1341 1251 „fatass
1372 1210 1519 1252 docet.
1549 1207 1627 1260 (cf.

192 1282 349 1339 fragm.
379 1283 450 1334 V.)
489 1283 755 1340 Priusquam
784 1298 893 1327 vero
923 1284 1078 1326 urbem
1107 1284 1333 1336 deserunt,
1364 1296 1496 1325 sacra
1522 1280 1631 1325 facit

193 1356 417 1399 Anchises
450 1363 494 1398 et
522 1358 725 1412 auspicia
755 1358 981 1400 observat.
1015 1355 1094 1409 (cf.
1122 1356 1279 1413 fragm.
1310 1356 1424 1407 VII.)
1453 1355 1629 1398 Deinde

192 1437 326 1473 nocte
356 1430 491 1471 Troia
519 1437 648 1484 pater
677 1438 722 1473 et
750 1431 869 1473 filius
900 1445 1001 1474 cum
1037 1431 1253 1473 uxoribus
1285 1430 1440 1472 „tectis
1471 1429 1625 1485 capiti-

192 1505 278 1548 bus
306 1504 505 1548 lacrimis
536 1519 635 1548 cum
665 1505 844 1548 multis“
875 1506 1068 1558 exibant,
1098 1512 1230 1561 atque
1261 1508 1305 1546 in
1349 1505 1472 1547 Idam
1500 1517 1626 1546 mon-

192 1585 282 1621 tem
301 1578 562 1634 migrabant.
585 1577 658 1630 (cf.
679 1577 837 1635 fragm.
866 1578 1007 1631 VIII.)
1038 1578 1209 1622 Aurum
1242 1584 1375 1635 atque
1395 1584 1628 1634 argentum

193 1651 273 1707 (cf.
301 1652 457 1709 fragm.
486 1653 572 1705 IX)
604 1660 648 1695 et
668 1659 866 1695 crateras
888 1666 1050 1695 aureas
1072 1652 1149 1704 (cf.
1168 1652 1327 1708 fragm.
1364 1652 1442 1703 X.)
1474 1666 1627 1695 secum

175 1726 410 1788 tulerunt,
448 1727 659 1783 multique
699 1727 910 1770 mortales
956 1734 1001 1770 et
1031 1727 1201 1770 strenui
1242 1727 1326 1769 viri
1366 1740 1447 1769 eos
1485 1726 1628 1769 secuti

194 1808 311 1844 sunt.
343 1800 417 1853 (cf.
447 1800 602 1857 fragm.
633 1801 709 1844 XI.
739 1801 856 1853 XII.)
887 1801 1138 1845 Mercurius
1176 1815 1285 1844 vero
1325 1815 1424 1843 eum
1462 1800 1629 1843 nullam

191 1875 408 1918 haberent
436 1890 611 1928 navem,
643 1877 699 1918 iis
731 1890 863 1918 unam
894 1877 1124 1928 exstruxit,
1157 1890 1245 1932 qua
1266 1876 1397 1919 unica
1427 1878 1511 1918 iter
1526 1889 1627 1918 sus·

193 1964 370 2004 cepere.
392 1949 468 2000 (cf.
488 1950 645 2005 fragm.
674 1950 813 2000 XIII.)
855 1951 904 1991 In
925 1951 1033 1991 mari
1054 1963 1162 1991 vero
1193 1956 1436 2003 tempestas
1469 1950 1625 2001 oritur,

194 2037 282 2080 qua
309 2024 411 2067 visa
439 2023 593 2066 Venus
625 2024 742 2078 apud
771 2024 929 2066 Jovem
959 2023 1155 2079 queritur
1195 2023 1250 2065 de
1289 2023 1500 2078 periculis
1531 2024 1624 2066 filii.

193 2098 398 2153 Jup'piter
417 2112 512 2140 eam
543 2099 597 2139 de
624 2096 813 2139 fatorum
834 2098 1133 2152 prosperitate
1156 2097 1341 2139 solatur.
1365 2097 1441 2149 (cf.
1465 2097 1627 2154 fragm.

192 2172 333 2224 XIV.)
375 2173 474 2221 Qua
502 2173 548 2213 in
578 2178 843 2227 tempestate
863 2170 1106 2224 Anchises,
1138 2172 1294 2216 „cuius
1330 2179 1521 2215 mentem
1536 2171 1626 2215 for-

193 2254 300 2288 tuna
329 2247 414 2288 iam
446 2247 634 2302 quietam
667 2246 879 2299 fecerat,“
911 2245 963 2288 cf.
994 2247 1110 2299 XV.‚
1143 2260 1312 2290 „senex
1349 2246 1491 2290 fretus
1530 2248 1623 2302 pie-

193 2327 283 2361 tate
313 2320 524 2361 deorumcc
557 2319 631 2367 (cf.
663 2320 821 2376 fragm.
837 2320 994 2371 XVI.‚)
1027 2319 1268 2377 alloquitur
1298 2323 1483 2365 „summi
1496 2324 1624 2364 deum

192 2393 314 2448 regis
345 2391 525 2436 fratrem
539 2394 791 2448 Neptunum
821 2402 1102 2450 regnatorem
1124 2396 1335 2438 mariuma
1368 2395 1440 2441 (cf.
1469 2394 1626 2450 fragm.

192 2467 353 2516 XVII.)
383 2489 438 2495 --
469 2467 752 2522 Tempestate
773 2468 1165 2525 peractamarique
1197 2476 1356 2525 pacato
1388 2493 1441 2498 ——
1473 2468 1624 2512 multis

193 2541 386 2584 sortasse
418 2549 520 2596 post
553 2541 657 2584 fatis
681 2543 993 2599 Carthaginem
1015 2544 1073 2584 ad
1090 2542 1309 2585 Didonem
1345 2544 1623 2597 perveniunt.

194 2615 291 2660 Hoc
329 2615 492 2671 primi
530 2614 631 2658 libri
674 2625 977 2673 argumentum
1017 2617 1160 2661 fuisse
1200 2625 1319 2673 puto.
