1814 2767
189 90 249 136 ⁷⁰
1328 145 1351 171 '³5⁶

190 205 322 251 cuius
350 205 487 252 etiam
504 205 562 250 'in
590 204 787 263 Virgilio
813 206 1008 264 vestigia
1035 210 1236 262 exstant,
1255 207 1462 255 affluo
1489 217 1627 269 quae-

190 280 295 345 dam
324 285 371 324 et
397 281 594 334 traditio,
623 286 673 324 ut
699 279 790 324 hoc
815 280 1042 325 vocabulo
1061 287 1175 337 utar,
1194 281 1369 328 Romae
1381 289 1489 328 nata
1516 290 1629 339 erat,

182 368 330 414 quam
366 366 512 413 nuper
547 355 594 400 in
632 355 842 413 Procopii
872 355 997 411 ‚libro
1036 357 1095 401 de
1131 356 1185 402 B.
1217 353 1486 415 G.‚1v.'22=
1513 357 1631 418 legi;

192 438 348 474 narrat
377 431 494 474 enim
524 430 773 487 Procopius
804 431 938 475 etiam
966 445 1111 489 usque
1140 433 1197 476 ad
1209 432 1400 477 Gothica
1427 441 1632 490 tempora

194 505 367 549 Romae
398 511 667 549 ostentatam
697 519 804 549 esse
834 519 994 550 navem
1021 506 1209 551 Aeneae
1245 521 1301 551 ex
1340 522 1432 551 una
1470 509 1633 569 arbore

192 578 373 630 factam,
402 579 722 633 inviolabilem,
751 580 1066 624 immortalem:
1106 589 1240 639 atque
1275 582 1363 625 huc
1400 581 1633 627 Horatium

196 654 380 699 carm.1.
398 655 467 699 14.
484 655 537 699 11
557 654 762 707 (Pontica
790 655 939 711 pinus,
971 654 1114 699 silvae
1142 654 1237 700 filia
1263 656 1450 710 nobilis)
1477 671 1632 714 respe-

197 729 327 772 xisse
356 735 478 783 puto.

311 803 456 848 Simili
485 803 660 847 ratione
689 803 814 860 Argo
845 817 902 848 ex
933 817 1067 849 sacra
1104 818 1271 861 quercu
1300 804 1510 849 dodonea
1538 812 1637 849 erat

195 884 439 922 exstructa.

746 951 953 1006 Fragm.
983 950 1105 994 XIV.

313 1023 581 1081 Tempestas
621 1025 841 1068 exoritur:
887 1025 1046 1067 Venus
1086 1026 1285 1082 queritur
1324 1025 1443 1082 apud
1481 1024 1638 1069 Jovem

196 1098 255 1143 de
282 1099 497 1155 periculis
527 1098 630 1144 filii:
660 1099 835 1155 Jupiter
864 1112 962 1142 eam
984 1100 1039 1143 de
1069 1101 1370 1156 prosperitate
1389 1099 1638 1144 futurorum

198 1173 476 1219 consolatur.
505 1198 563 1205 —
590 1174 715 1219 Haec
743 1175 790 1217 in
820 1175 1018 1219 carmine
1046 1175 1279 1219 Naeviano
1306 1182 1498 1219 tractata
1525 1174 1636 1219 fuis-

197 1261 250 1292 se
280 1255 416 1306 atque
453 1249 691 1306 Virgilium
728 1249 762 1293 1.
802 1248 902 1292 233.
941 1262 1043 1306 sqq.
1081 1249 1299 1294 imitatum
1340 1263 1448 1294 esse
1486 1257 1640 1294 narrat

196 1320 399 1377 Macrob‚
428 1323 528 1367 Sat.
559 1323 635 1366 VI.
665 1324 736 1366 21.
768 1324 840 1367 ed.
869 1323 969 1378 Bip.

747 1397 963 1453 Fragm.
992 1395 1095 1439 XV.

337 1468 492 1514 Seuer<
520 1467 663 1514 fretus
692 1469 859 1526 pietate
880 1468 899 1525 ΙΙ
919 1468 1187 1526 adloquiitus
1218 1469 1377 1512 summi

338 1544 487 1588 Deum
516 1545 640 1602 regis
670 1542 857 1587 fratrem
885 1544 982 1599 Nep
1003 1542 1022 1597 ΙΙ
1043 1543 1198 1587 tunum
1228 1543 1515 1601 regnatorem

338 1617 517 1662 Marum

199 1691 284 1750 (cs.
319 1692 538 1736 Priscian.
574 1692 674 1737 libr.
712 1692 810 1736 V11.
849 1705 893 1749 p.
932 1693 1031 1736 770.
1070 1689 1222 1735 Herm.
1262 1691 1390 1736 elem.
1429 1706 1474 1748 p.
1514 1691 1640 1745 636.)

199 1766 400 1812 Versum
427 1767 491 1809 ita
517 1767 709 1819 restitui,
738 1773 788 1808 ut
816 1766 1083 1809 vocabulum
1112 1767 1267 1818 deum,
1299 1767 1419 1822 quod
1459 1767 1641 1809 codices

198 1847 306 1899 post
332 1853 434 1885 voc.
465 1841 631 1897 pietate
662 1840 873 1896 scriptum
911 1839 1136 1893 exhibent,
1174 1840 1404 1894 eiicerem,
1434 1840 1553 1898 'quia
1595 1841 1642 1883 id

198 1924 353 1960 natum
382 1916 536 1971 putavi
567 1929 623 1958 ex
653 1914 796 1957 altero
828 1928 926 1957 voc.
959 1914 1160 1967 „deum“,
1192 1915 1312 1971 quod
1357 1916 1555 1958 secundo
1595 1915 1641 1957 in

201 2005 341 2036 versu
371 1989 581 2034 exhibent
609 1989 725 2033 libri.

316 2064 580 2107 Priscianus
608 2063 791 2115 librum,
833 2077 890 2106 ex
929 2077 1017 2120 quo
1056 2062 1171 2106 haec
1207 2064 1346 2106 verba
1384 2063 1642 2117 sumpserit,

202 2152 296 2183 non
331 2138 517 2181 notavit.
576 2137 783 2180 Attamen
825 2136 1221 2193 spangenbergio,
1263 2137 1337 2193 qui
1384 2136 1474 2178 hoc
1522 2135 1642 2192 frag-

203 2218 400 2256 mentum
439 2211 497 2254 ad
535 2210 734 2254 Duilium
773 2217 981 2267 spectare
1022 2210 1283 2262 arbitretur,
1322 2223 1414 2253 non
1457 2223 1644 2266 possum

205 2286 486 2342 consentire;
515 2299 617 2328 nam
647 2285 825 2330 Duilius
857 2299 912 2329 eo
942 2291 1162 2340 tempore,
1200 2298 1288 2341 quo
1328 2284 1468 2329 classi
1512 2298 1641 2340 prae-

206 2366 326 2413 erat,
365 2359 562 2402 nondum
599 2373 741 2403 senex
779 2358 885 2413 fuit,
922 2371 1009 2402 nec
1046 2372 1146 2402 mos
1186 2365 1319 2416 atque
1349 2359 1531 2403 instutio
1559 2357 1643 2402 fuit

203 2433 522 2491 Rcmanorum,
551 2440 600 2476 ut
629 2447 783 2477 senem
813 2432 954 2476 classi
973 2432 1282 2488 praeficerent,
1314 2431 1397 2476 sed
1411 2432 1501 2476 hoc
1528 2431 1644 2475 inter

206 2521 291 2552 eos
319 2507 517 2552 virorum
547 2508 767 2552 iuniorum
805 2520 967 2550 munus
1006 2512 1116 2550 erat.
1176 2507 1277 2556 Qua
1314 2519 1365 2550 re
1403 2505 1556 2568 potius
1584 2505 1642 2548 ad

206 2579 454 2627 Anchisem
483 2579 600 2626 haec
628 2582 768 2624 verba
798 2586 1005 2637 spectare
1035 2579 1212 2635 putavi,
1242 2592 1347 2623 nam
1375 2590 1467 2622 non
1496 2576 1642 2622 solum
