<?xml version="1.0" encoding="UTF-8"?>
<!DOCTYPE html PUBLIC "-//W3C//DTD XHTML 1.0 Transitional//EN"
    "http://www.w3.org/TR/xhtml1/DTD/xhtml1-transitional.dtd">
<html xmlns="http://www.w3.org/1999/xhtml" xml:lang="en" lang="en">
 <head>
  <title>
</title>
<meta http-equiv="Content-Type" content="text/html;charset=utf-8" />
  <meta name='ocr-system' content='tesseract 3.04.00' />
  <meta name='ocr-capabilities' content='ocr_page ocr_carea ocr_par ocr_line ocrx_word'/>
</head>
<body>
  <div class='ocr_page' id='page_1' title='image "4737846_0075.png"; bbox 0 0 1814 2767; ppageno 0'>
   <div class='ocr_carea' id='block_1_1' title="bbox 131 129 1623 691">
    <p class='ocr_par' dir='ltr' id='par_1_1' title="bbox 131 129 1619 368">
     <span class='ocr_line' id='line_1_1' title="bbox 290 129 1619 174; baseline -0.002 -8"><span class='ocrx_word' id='word_1_1' title='bbox 290 143 318 166; x_wconf 60' lang='lat' dir='ltr'><strong>e</strong></span> <span class='ocrx_word' id='word_1_2' title='bbox 371 129 374 132; x_wconf 65' lang='grc'><em>’</em></span> <span class='ocrx_word' id='word_1_3' title='bbox 1559 129 1619 174; x_wconf 69' lang='lat'><strong>⁶5</strong></span> 
     </span>
     <span class='ocr_line' id='line_1_2' title="bbox 187 235 1618 309; baseline -0.003 -16"><span class='ocrx_word' id='word_1_4' title='bbox 187 235 415 293; x_wconf 76' lang='lat' dir='ltr'><strong>scribendi</strong></span> <span class='ocrx_word' id='word_1_5' title='bbox 443 243 834 309; x_wconf 53' lang='lat' dir='ltr'><strong>rationisMerula</strong></span> <span class='ocrx_word' id='word_1_6' title='bbox 856 243 914 289; x_wconf 80' lang='lat' dir='ltr'><strong>ad</strong></span> <span class='ocrx_word' id='word_1_7' title='bbox 932 242 1043 290; x_wconf 82' lang='lat' dir='ltr'><strong>Eun.</strong></span> <span class='ocrx_word' id='word_1_8' title='bbox 1072 243 1208 290; x_wconf 75' lang='lat' dir='ltr'><strong>xm</strong></span> <span class='ocrx_word' id='word_1_9' title='bbox 1230 244 1618 294; x_wconf 70' lang='lat' dir='ltr'><strong>caussas&#39;idoneas</strong></span> 
     </span>
     <span class='ocr_line' id='line_1_3' title="bbox 131 319 1067 368; baseline -0.004 0"><span class='ocrx_word' id='word_1_10' title='bbox 131 350 147 361; x_wconf 79' lang='lat'>-</span> <span class='ocrx_word' id='word_1_11' title='bbox 187 319 388 368; x_wconf 80' lang='lat' dir='ltr'><strong>contulit.</strong></span> <span class='ocrx_word' id='word_1_12' title='bbox 1064 329 1067 331; x_wconf 67' lang='grc'><strong><em>’</em></strong></span> 
     </span>
    </p>

    <p class='ocr_par' dir='ltr' id='par_1_2' title="bbox 247 382 1437 542">
     <span class='ocr_line' id='line_1_4' title="bbox 247 382 1054 452; baseline 0.007 -18"><span class='ocrx_word' id='word_1_13' title='bbox 247 382 251 384; x_wconf 55' lang='grc'><strong>’</strong></span> <span class='ocrx_word' id='word_1_14' title='bbox 743 394 956 452; x_wconf 83' lang='lat' dir='ltr'><strong>Fragm.</strong></span> <span class='ocrx_word' id='word_1_15' title='bbox 999 395 1054 440; x_wconf 86' lang='lat' dir='ltr'><strong>ll.</strong></span> 
     </span>
     <span class='ocr_line' id='line_1_5' title="bbox 361 479 1437 542; baseline -0.001 -11"><span class='ocrx_word' id='word_1_16' title='bbox 361 486 535 532; x_wconf 74' lang='lat' dir='ltr'><strong>Novem</strong></span> <span class='ocrx_word' id='word_1_17' title='bbox 562 486 692 530; x_wconf 85' lang='lat' dir='ltr'><strong>Jovis</strong></span> <span class='ocrx_word' id='word_1_18' title='bbox 720 485 971 530; x_wconf 79' lang='lat' dir='ltr'><strong>concordes</strong></span> <span class='ocrx_word' id='word_1_19' title='bbox 1014 479 1039 542; x_wconf 56' lang='grc' dir='ltr'><strong>ἸΙ</strong></span> <span class='ocrx_word' id='word_1_20' title='bbox 1083 484 1209 530; x_wconf 76' lang='lat' dir='ltr'><strong>filiae</strong></span> <span class='ocrx_word' id='word_1_21' title='bbox 1238 485 1437 530; x_wconf 73' lang='lat' dir='ltr'><strong>sorores.</strong></span> 
     </span>
    </p>

    <p class='ocr_par' dir='ltr' id='par_1_3' title="bbox 188 557 1623 691">
     <span class='ocr_line' id='line_1_6' title="bbox 297 557 1623 623; baseline -0.001 -17"><span class='ocrx_word' id='word_1_22' title='bbox 297 561 461 623; x_wconf 78' lang='lat' dir='ltr'><strong>Exstat</strong></span> <span class='ocrx_word' id='word_1_23' title='bbox 490 561 582 606; x_wconf 88' lang='lat' dir='ltr'><strong>hoc</strong></span> <span class='ocrx_word' id='word_1_24' title='bbox 608 559 766 618; x_wconf 79' lang='lat' dir='ltr'><strong>fragm.</strong></span> <span class='ocrx_word' id='word_1_25' title='bbox 795 560 918 617; x_wconf 84' lang='lat' dir='ltr'><strong>apud</strong></span> <span class='ocrx_word' id='word_1_26' title='bbox 943 559 1051 615; x_wconf 79' lang='lat' dir='ltr'><strong>Atil.</strong></span> <span class='ocrx_word' id='word_1_27' title='bbox 1078 560 1383 605; x_wconf 84' lang='lat' dir='ltr'><strong>Fortunatium</strong></span> <span class='ocrx_word' id='word_1_28' title='bbox 1421 575 1465 617; x_wconf 85' lang='lat' dir='ltr'><strong>p.</strong></span> <span class='ocrx_word' id='word_1_29' title='bbox 1505 557 1623 605; x_wconf 79' lang='lat'><strong>2650</strong></span> 
     </span>
     <span class='ocr_line' id='line_1_7' title="bbox 188 634 1621 691; baseline -0.003 -10"><span class='ocrx_word' id='word_1_30' title='bbox 188 644 235 681; x_wconf 85' lang='lat' dir='ltr'><strong>et</strong></span> <span class='ocrx_word' id='word_1_31' title='bbox 260 634 374 682; x_wconf 79' lang='lat' dir='ltr'><strong>Mar.</strong></span> <span class='ocrx_word' id='word_1_32' title='bbox 403 637 521 680; x_wconf 87' lang='lat' dir='ltr'><strong>Vict.</strong></span> <span class='ocrx_word' id='word_1_33' title='bbox 553 635 628 679; x_wconf 80' lang='lat'>111.</span> <span class='ocrx_word' id='word_1_34' title='bbox 656 649 702 691; x_wconf 86' lang='grc' dir='ltr'><strong>Ρ.</strong></span> <span class='ocrx_word' id='word_1_35' title='bbox 738 635 868 679; x_wconf 84' lang='grc'><strong>2587.</strong></span> <span class='ocrx_word' id='word_1_36' title='bbox 897 634 998 678; x_wconf 92' lang='lat' dir='ltr'><strong>solo</strong></span> <span class='ocrx_word' id='word_1_37' title='bbox 1034 634 1197 678; x_wconf 82' lang='lat' dir='ltr'><strong>Naevii</strong></span> <span class='ocrx_word' id='word_1_38' title='bbox 1233 635 1415 678; x_wconf 88' lang='lat' dir='ltr'><strong>nomine</strong></span> <span class='ocrx_word' id='word_1_39' title='bbox 1455 634 1621 678; x_wconf 80' lang='lat' dir='ltr'><strong>addito.</strong></span> 
     </span>
    </p>
   </div>
   <div class='ocr_carea' id='block_1_2' title="bbox 187 705 1621 842">
    <p class='ocr_par' dir='ltr' id='par_1_4' title="bbox 187 705 1621 842">
     <span class='ocr_line' id='line_1_8' title="bbox 190 705 1621 767; baseline -0.003 -12"><span class='ocrx_word' id='word_1_40' title='bbox 190 711 364 762; x_wconf 79' lang='lat' dir='ltr'><strong>Quibus</strong></span> <span class='ocrx_word' id='word_1_41' title='bbox 394 724 451 755; x_wconf 86' lang='lat' dir='ltr'><strong>ex</strong></span> <span class='ocrx_word' id='word_1_42' title='bbox 479 710 660 759; x_wconf 80' lang='lat' dir='ltr'><strong>caussis</strong></span> <span class='ocrx_word' id='word_1_43' title='bbox 698 710 757 753; x_wconf 87' lang='lat' dir='ltr'><strong>ad</strong></span> <span class='ocrx_word' id='word_1_44' title='bbox 791 709 953 753; x_wconf 87' lang='lat' dir='ltr'><strong>librum</strong></span> <span class='ocrx_word' id='word_1_45' title='bbox 989 707 1096 764; x_wconf 83' lang='lat' dir='ltr'><strong>belli</strong></span> <span class='ocrx_word' id='word_1_46' title='bbox 1132 705 1285 767; x_wconf 84' lang='lat' dir='ltr'><strong>punici</strong></span> <span class='ocrx_word' id='word_1_47' title='bbox 1322 708 1514 765; x_wconf 83' lang='lat' dir='ltr'><strong>primum</strong></span> <span class='ocrx_word' id='word_1_48' title='bbox 1550 721 1621 751; x_wconf 85' lang='lat' dir='ltr'><strong>re·</strong></span> 
     </span>
     <span class='ocr_line' id='line_1_9' title="bbox 187 782 1117 842; baseline -0.003 -12"><span class='ocrx_word' id='word_1_49' title='bbox 187 784 419 830; x_wconf 81' lang='lat' dir='ltr'><strong>ferendum</strong></span> <span class='ocrx_word' id='word_1_50' title='bbox 446 785 521 838; x_wconf 89' lang='lat' dir='ltr'><strong>sit,</strong></span> <span class='ocrx_word' id='word_1_51' title='bbox 551 783 742 842; x_wconf 88' lang='lat' dir='ltr'><strong>quisque</strong></span> <span class='ocrx_word' id='word_1_52' title='bbox 769 783 860 827; x_wconf 88' lang='lat' dir='ltr'><strong>iam</strong></span> <span class='ocrx_word' id='word_1_53' title='bbox 887 782 1117 842; x_wconf 83' lang='lat' dir='ltr'><strong>intelliget.</strong></span> 
     </span>
    </p>
   </div>
   <div class='ocr_carea' id='block_1_3' title="bbox 744 874 1067 930">
    <p class='ocr_par' dir='ltr' id='par_1_5' title="bbox 744 874 1067 930">
     <span class='ocr_line' id='line_1_10' title="bbox 744 874 1067 930; baseline 0 -12"><span class='ocrx_word' id='word_1_54' title='bbox 744 874 958 930; x_wconf 80' lang='lat' dir='ltr'><strong>Fragm.</strong></span> <span class='ocrx_word' id='word_1_55' title='bbox 993 875 1067 919; x_wconf 86' lang='lat'>111.</span> 
     </span>
    </p>
   </div>
   <div class='ocr_carea' id='block_1_4' title="bbox 187 965 1630 1912">
    <p class='ocr_par' dir='ltr' id='par_1_6' title="bbox 187 965 1630 1912">
     <span class='ocr_line' id='line_1_11' title="bbox 215 965 1594 1025; baseline -0.001 -13"><span class='ocrx_word' id='word_1_56' title='bbox 215 966 376 1013; x_wconf 65' lang='lat' dir='ltr'><strong>Musas</strong></span> <span class='ocrx_word' id='word_1_57' title='bbox 406 981 522 1025; x_wconf 85' lang='lat' dir='ltr'><strong>quos</strong></span> <span class='ocrx_word' id='word_1_58' title='bbox 550 967 797 1010; x_wconf 73' lang='lat' dir='ltr'><strong>memorant</strong></span> <span class='ocrx_word' id='word_1_59' title='bbox 823 966 966 1010; x_wconf 78' lang='lat' dir='ltr'><strong>nostri</strong></span> <span class='ocrx_word' id='word_1_60' title='bbox 1014 965 1035 1021; x_wconf 88' lang='grc' dir='ltr'><strong>ΙΙ</strong></span> <span class='ocrx_word' id='word_1_61' title='bbox 1083 966 1191 1010; x_wconf 75' lang='lat' dir='ltr'><strong>esse</strong></span> <span class='ocrx_word' id='word_1_62' title='bbox 1217 967 1303 1010; x_wconf 73' lang='lat' dir='ltr'><strong>vos</strong></span> <span class='ocrx_word' id='word_1_63' title='bbox 1333 965 1594 1010; x_wconf 74' lang='lat' dir='ltr'><strong>Casmenas.</strong></span> 
     </span>
     <span class='ocr_line' id='line_1_12' title="bbox 303 1038 1624 1097; baseline -0.002 -11"><span class='ocrx_word' id='word_1_64' title='bbox 303 1042 452 1086; x_wconf 87' lang='lat' dir='ltr'><strong>Varro</strong></span> <span class='ocrx_word' id='word_1_65' title='bbox 480 1040 580 1084; x_wconf 88' lang='lat' dir='ltr'><strong>libr.</strong></span> <span class='ocrx_word' id='word_1_66' title='bbox 609 1039 710 1084; x_wconf 81' lang='lat' dir='ltr'>V11.&#39;</span> <span class='ocrx_word' id='word_1_67' title='bbox 737 1054 781 1097; x_wconf 89' lang='lat' dir='ltr'><strong>p.</strong></span> <span class='ocrx_word' id='word_1_68' title='bbox 810 1040 911 1085; x_wconf 88' lang='grc'><strong>312.</strong></span> <span class='ocrx_word' id='word_1_69' title='bbox 943 1039 1022 1096; x_wconf 87' lang='lat' dir='ltr'><strong>Sp.</strong></span> <span class='ocrx_word' id='word_1_70' title='bbox 1061 1039 1181 1084; x_wconf 89' lang='lat' dir='ltr'><strong>hunc</strong></span> <span class='ocrx_word' id='word_1_71' title='bbox 1218 1053 1402 1084; x_wconf 83' lang='lat' dir='ltr'><strong>versum</strong></span> <span class='ocrx_word' id='word_1_72' title='bbox 1440 1038 1624 1097; x_wconf 81' lang='lat' dir='ltr'><strong>profert,</strong></span> 
     </span>
     <span class='ocr_line' id='line_1_13' title="bbox 188 1110 1625 1174; baseline -0.002 -13"><span class='ocrx_word' id='word_1_73' title='bbox 188 1129 337 1174; x_wconf 80' lang='lat' dir='ltr'><strong>neque</strong></span> <span class='ocrx_word' id='word_1_74' title='bbox 365 1116 591 1169; x_wconf 87' lang='lat' dir='ltr'><strong>carminis,</strong></span> <span class='ocrx_word' id='word_1_75' title='bbox 620 1129 709 1159; x_wconf 90' lang='lat' dir='ltr'><strong>nec</strong></span> <span class='ocrx_word' id='word_1_76' title='bbox 736 1121 900 1171; x_wconf 84' lang='lat' dir='ltr'><strong>poetae</strong></span> <span class='ocrx_word' id='word_1_77' title='bbox 928 1114 1109 1159; x_wconf 89' lang='lat' dir='ltr'><strong>nomine</strong></span> <span class='ocrx_word' id='word_1_78' title='bbox 1138 1115 1327 1159; x_wconf 86' lang='lat' dir='ltr'><strong>adiecto.</strong></span> <span class='ocrx_word' id='word_1_79' title='bbox 1384 1110 1437 1159; x_wconf 81' lang='lat' dir='ltr'><strong>P.</strong></span> <span class='ocrx_word' id='word_1_80' title='bbox 1474 1114 1625 1159; x_wconf 85' lang='lat' dir='ltr'><strong>Meru-</strong></span> 
     </span>
     <span class='ocr_line' id='line_1_14' title="bbox 187 1187 1625 1247; baseline -0.001 -12"><span class='ocrx_word' id='word_1_81' title='bbox 187 1190 251 1245; x_wconf 82' lang='lat' dir='ltr'><strong>la,</strong></span> <span class='ocrx_word' id='word_1_82' title='bbox 281 1204 470 1247; x_wconf 88' lang='lat' dir='ltr'><strong>eumque</strong></span> <span class='ocrx_word' id='word_1_83' title='bbox 500 1195 682 1233; x_wconf 87' lang='lat' dir='ltr'><strong>secutus</strong></span> <span class='ocrx_word' id='word_1_84' title='bbox 711 1189 763 1232; x_wconf 91' lang='lat' dir='ltr'><strong>E.</strong></span> <span class='ocrx_word' id='word_1_85' title='bbox 795 1189 1133 1246; x_wconf 84' lang='lat' dir='ltr'><strong>Spangenberg.</strong></span> <span class='ocrx_word' id='word_1_86' title='bbox 1161 1187 1281 1232; x_wconf 90' lang='lat' dir='ltr'><strong>hunc</strong></span> <span class='ocrx_word' id='word_1_87' title='bbox 1322 1202 1506 1233; x_wconf 81' lang='lat' dir='ltr'><strong>versum</strong></span> <span class='ocrx_word' id='word_1_88' title='bbox 1532 1187 1625 1232; x_wconf 87' lang='lat' dir='ltr'><strong>En·</strong></span> 
     </span>
     <span class='ocr_line' id='line_1_15' title="bbox 191 1262 1628 1323; baseline -0.001 -17"><span class='ocrx_word' id='word_1_89' title='bbox 191 1263 265 1306; x_wconf 90' lang='lat' dir='ltr'><strong>nio</strong></span> <span class='ocrx_word' id='word_1_90' title='bbox 293 1264 574 1307; x_wconf 83' lang='lat' dir='ltr'><strong>tribuendum</strong></span> <span class='ocrx_word' id='word_1_91' title='bbox 602 1276 707 1306; x_wconf 85' lang='lat' dir='ltr'><strong>esse</strong></span> <span class='ocrx_word' id='word_1_92' title='bbox 734 1268 1017 1323; x_wconf 84' lang='lat' dir='ltr'><strong>putaverunt,</strong></span> <span class='ocrx_word' id='word_1_93' title='bbox 1047 1275 1186 1320; x_wconf 85' lang='lat' dir='ltr'><strong>quare</strong></span> <span class='ocrx_word' id='word_1_94' title='bbox 1216 1262 1389 1306; x_wconf 81' lang='lat' dir='ltr'><strong>adactis</strong></span> <span class='ocrx_word' id='word_1_95' title='bbox 1419 1262 1628 1306; x_wconf 71' lang='lat' dir='ltr'><strong>omnibus</strong></span> 
     </span>
     <span class='ocr_line' id='line_1_16' title="bbox 191 1335 1628 1380; baseline 0.001 -1"><span class='ocrx_word' id='word_1_96' title='bbox 191 1335 412 1380; x_wconf 89' lang='lat' dir='ltr'><strong>machinis</strong></span> <span class='ocrx_word' id='word_1_97' title='bbox 441 1335 746 1378; x_wconf 85' lang='lat' dir='ltr'><strong>hexametrum</strong></span> <span class='ocrx_word' id='word_1_98' title='bbox 773 1337 1011 1379; x_wconf 84' lang='lat' dir='ltr'><strong>restituere</strong></span> <span class='ocrx_word' id='word_1_99' title='bbox 1041 1337 1317 1379; x_wconf 83' lang='lat' dir='ltr'><strong>studuerunt.</strong></span> <span class='ocrx_word' id='word_1_100' title='bbox 1367 1335 1459 1380; x_wconf 81' lang='lat' dir='ltr'><strong>Sed</strong></span> <span class='ocrx_word' id='word_1_101' title='bbox 1487 1335 1628 1380; x_wconf 78' lang='lat' dir='ltr'><strong>multo</strong></span> 
     </span>
     <span class='ocr_line' id='line_1_17' title="bbox 192 1409 1629 1464; baseline 0 -10"><span class='ocrx_word' id='word_1_102' title='bbox 192 1409 377 1454; x_wconf 86' lang='lat' dir='ltr'><strong>meliore</strong></span> <span class='ocrx_word' id='word_1_103' title='bbox 406 1412 503 1453; x_wconf 90' lang='lat' dir='ltr'><strong>iure</strong></span> <span class='ocrx_word' id='word_1_104' title='bbox 530 1422 712 1453; x_wconf 85' lang='lat' dir='ltr'><strong>versum</strong></span> <span class='ocrx_word' id='word_1_105' title='bbox 739 1410 913 1454; x_wconf 84' lang='lat' dir='ltr'><strong>Naevio</strong></span> <span class='ocrx_word' id='word_1_106' title='bbox 944 1424 1049 1454; x_wconf 90' lang='lat' dir='ltr'><strong>esse</strong></span> <span class='ocrx_word' id='word_1_107' title='bbox 1076 1411 1391 1454; x_wconf 83' lang='lat' dir='ltr'><strong>vindicandum</strong></span> <span class='ocrx_word' id='word_1_108' title='bbox 1420 1411 1629 1464; x_wconf 81' lang='lat' dir='ltr'><strong>arbitror,</strong></span> 
     </span>
     <span class='ocr_line' id='line_1_18' title="bbox 194 1482 1630 1543; baseline 0.003 -17"><span class='ocrx_word' id='word_1_109' title='bbox 194 1497 297 1527; x_wconf 87' lang='lat' dir='ltr'><strong>nam</strong></span> <span class='ocrx_word' id='word_1_110' title='bbox 337 1497 430 1526; x_wconf 87' lang='lat' dir='ltr'><strong>non</strong></span> <span class='ocrx_word' id='word_1_111' title='bbox 469 1482 615 1525; x_wconf 90' lang='lat' dir='ltr'><strong>solum</strong></span> <span class='ocrx_word' id='word_1_112' title='bbox 650 1496 813 1527; x_wconf 82' lang='lat' dir='ltr'><strong>versus</strong></span> <span class='ocrx_word' id='word_1_113' title='bbox 861 1484 1208 1528; x_wconf 80' lang='lat' dir='ltr'><strong>antecendentes</strong></span> <span class='ocrx_word' id='word_1_114' title='bbox 1255 1483 1335 1534; x_wconf 70' lang='lat' dir='ltr'><strong>(cf,</strong></span> <span class='ocrx_word' id='word_1_115' title='bbox 1382 1484 1547 1530; x_wconf 84' lang='lat' dir='ltr'><strong>Varro.</strong></span> <span class='ocrx_word' id='word_1_116' title='bbox 1583 1499 1630 1543; x_wconf 83' lang='grc' dir='ltr'><strong>Ρ.</strong></span> 
     </span>
     <span class='ocr_line' id='line_1_19' title="bbox 195 1556 1628 1613; baseline 0 -10"><span class='ocrx_word' id='word_1_117' title='bbox 195 1559 283 1603; x_wconf 84' lang='grc'><strong>300</strong></span> <span class='ocrx_word' id='word_1_118' title='bbox 311 1565 357 1601; x_wconf 88' lang='lat' dir='ltr'><strong>et</strong></span> <span class='ocrx_word' id='word_1_119' title='bbox 384 1556 492 1612; x_wconf 85' lang='lat'><strong>301)</strong></span> <span class='ocrx_word' id='word_1_120' title='bbox 524 1571 582 1600; x_wconf 83' lang='lat' dir='ltr'><strong>ex</strong></span> <span class='ocrx_word' id='word_1_121' title='bbox 607 1557 781 1601; x_wconf 85' lang='lat' dir='ltr'><strong>Naevio</strong></span> <span class='ocrx_word' id='word_1_122' title='bbox 810 1558 994 1613; x_wconf 85' lang='lat' dir='ltr'><strong>protulit</strong></span> <span class='ocrx_word' id='word_1_123' title='bbox 1011 1559 1175 1611; x_wconf 87' lang='lat' dir='ltr'><strong>Varro,</strong></span> <span class='ocrx_word' id='word_1_124' title='bbox 1207 1560 1288 1602; x_wconf 88' lang='lat' dir='ltr'><strong>sed</strong></span> <span class='ocrx_word' id='word_1_125' title='bbox 1319 1559 1453 1602; x_wconf 88' lang='lat' dir='ltr'><strong>etiam</strong></span> <span class='ocrx_word' id='word_1_126' title='bbox 1481 1567 1628 1603; x_wconf 63' lang='lat' dir='ltr'><strong>satur-&gt;</strong></span> 
     </span>
     <span class='ocr_line' id='line_1_20' title="bbox 195 1629 1629 1695; baseline 0.002 -20"><span class='ocrx_word' id='word_1_127' title='bbox 195 1633 297 1675; x_wconf 89' lang='lat' dir='ltr'><strong>nius</strong></span> <span class='ocrx_word' id='word_1_128' title='bbox 326 1631 465 1675; x_wconf 91' lang='lat' dir='ltr'><strong>multo</strong></span> <span class='ocrx_word' id='word_1_129' title='bbox 494 1629 673 1675; x_wconf 82' lang='lat' dir='ltr'><strong>facilius</strong></span> <span class='ocrx_word' id='word_1_130' title='bbox 712 1631 875 1684; x_wconf 86' lang='lat' dir='ltr'><strong>evadit,</strong></span> <span class='ocrx_word' id='word_1_131' title='bbox 915 1644 1048 1689; x_wconf 90' lang='lat' dir='ltr'><strong>quam</strong></span> <span class='ocrx_word' id='word_1_132' title='bbox 1084 1644 1248 1676; x_wconf 83' lang='lat' dir='ltr'><strong>versus</strong></span> <span class='ocrx_word' id='word_1_133' title='bbox 1277 1631 1455 1690; x_wconf 88' lang='lat' dir='ltr'><strong>longus.</strong></span> <span class='ocrx_word' id='word_1_134' title='bbox 1514 1633 1629 1695; x_wconf 65' lang='lat' dir='ltr'><strong>Quis</strong></span> 
     </span>
     <span class='ocr_line' id='line_1_21' title="bbox 195 1693 1629 1763; baseline -0.001 -12"><span class='ocrx_word' id='word_1_135' title='bbox 195 1721 321 1760; x_wconf 85' lang='lat' dir='ltr'><strong>vero,</strong></span> <span class='ocrx_word' id='word_1_136' title='bbox 352 1707 437 1750; x_wconf 88' lang='lat' dir='ltr'><strong>etsi</strong></span> <span class='ocrx_word' id='word_1_137' title='bbox 466 1706 513 1748; x_wconf 87' lang='lat' dir='ltr'><strong>in</strong></span> <span class='ocrx_word' id='word_1_138' title='bbox 550 1705 770 1749; x_wconf 81' lang='lat' dir='ltr'><strong>Varronis</strong></span> <span class='ocrx_word' id='word_1_139' title='bbox 806 1704 923 1748; x_wconf 88' lang='lat' dir='ltr'><strong>libro</strong></span> <span class='ocrx_word' id='word_1_140' title='bbox 958 1704 1095 1748; x_wconf 90' lang='lat' dir='ltr'><strong>multa</strong></span> <span class='ocrx_word' id='word_1_141' title='bbox 1131 1713 1311 1749; x_wconf 86' lang='lat' dir='ltr'><strong>exstant</strong></span> <span class='ocrx_word' id='word_1_142' title='bbox 1345 1693 1629 1763; x_wconf 84' lang='lat' dir='ltr'><strong>corruptissi-</strong></span> 
     </span>
     <span class='ocr_line' id='line_1_22' title="bbox 195 1779 1630 1837; baseline 0.001 -13"><span class='ocrx_word' id='word_1_143' title='bbox 195 1794 293 1834; x_wconf 87' lang='lat' dir='ltr'><strong>ma,</strong></span> <span class='ocrx_word' id='word_1_144' title='bbox 327 1787 418 1823; x_wconf 91' lang='lat' dir='ltr'><strong>tam</strong></span> <span class='ocrx_word' id='word_1_145' title='bbox 456 1780 605 1823; x_wconf 85' lang='lat' dir='ltr'><strong>audax</strong></span> <span class='ocrx_word' id='word_1_146' title='bbox 643 1785 728 1832; x_wconf 89' lang='lat' dir='ltr'><strong>est,</strong></span> <span class='ocrx_word' id='word_1_147' title='bbox 767 1779 843 1836; x_wconf 90' lang='lat' dir='ltr'><strong>qui</strong></span> <span class='ocrx_word' id='word_1_148' title='bbox 882 1793 983 1822; x_wconf 88' lang='lat' dir='ltr'><strong>cum</strong></span> <span class='ocrx_word' id='word_1_149' title='bbox 1019 1779 1061 1823; x_wconf 81' lang='lat' dir='ltr'><strong>J.</strong></span> <span class='ocrx_word' id='word_1_150' title='bbox 1101 1779 1337 1837; x_wconf 85' lang='lat' dir='ltr'><strong>Scaligero</strong></span> <span class='ocrx_word' id='word_1_151' title='bbox 1379 1781 1445 1837; x_wconf 84' lang='lat' dir='ltr'><strong>(p.</strong></span> <span class='ocrx_word' id='word_1_152' title='bbox 1471 1781 1555 1836; x_wconf 85' lang='lat'><strong>85)</strong></span> <span class='ocrx_word' id='word_1_153' title='bbox 1585 1789 1630 1826; x_wconf 87' lang='lat' dir='ltr'><strong>et</strong></span> 
     </span>
     <span class='ocr_line' id='line_1_23' title="bbox 197 1853 1422 1912; baseline -0.002 -13"><span class='ocrx_word' id='word_1_154' title='bbox 197 1854 566 1912; x_wconf 79' lang='lat' dir='ltr'><strong>Spangenbergio</strong></span> <span class='ocrx_word' id='word_1_155' title='bbox 594 1868 640 1910; x_wconf 83' lang='lat' dir='ltr'><strong>p.</strong></span> <span class='ocrx_word' id='word_1_156' title='bbox 668 1855 711 1898; x_wconf 83' lang='lat'><strong>2.</strong></span> <span class='ocrx_word' id='word_1_157' title='bbox 742 1853 811 1897; x_wconf 90' lang='lat' dir='ltr'><strong>sic</strong></span> <span class='ocrx_word' id='word_1_158' title='bbox 838 1853 958 1898; x_wconf 90' lang='lat' dir='ltr'><strong>hunc</strong></span> <span class='ocrx_word' id='word_1_159' title='bbox 985 1868 1167 1898; x_wconf 84' lang='lat' dir='ltr'><strong>versum</strong></span> <span class='ocrx_word' id='word_1_160' title='bbox 1193 1855 1422 1898; x_wconf 85' lang='lat' dir='ltr'><strong>restituat:</strong></span> 
     </span>
    </p>
   </div>
   <div class='ocr_carea' id='block_1_5' title="bbox 153 1945 1632 2587">
    <p class='ocr_par' dir='ltr' id='par_1_7' title="bbox 153 1945 1632 2587">
     <span class='ocr_line' id='line_1_24' title="bbox 295 1945 1628 2003; baseline 0.001 -14"><span class='ocrx_word' id='word_1_161' title='bbox 295 1946 514 2000; x_wconf 61' lang='lat' dir='ltr'><strong>“·„Musae,</strong></span> <span class='ocrx_word' id='word_1_162' title='bbox 559 1958 672 2003; x_wconf 88' lang='lat' dir='ltr'><strong>quas</strong></span> <span class='ocrx_word' id='word_1_163' title='bbox 699 1952 947 1989; x_wconf 86' lang='lat' dir='ltr'><strong>memorant</strong></span> <span class='ocrx_word' id='word_1_164' title='bbox 991 1945 1240 1989; x_wconf 81' lang='lat' dir='ltr'><strong>Casmenas</strong></span> <span class='ocrx_word' id='word_1_165' title='bbox 1270 1959 1376 1989; x_wconf 89' lang='lat' dir='ltr'><strong>esse</strong></span> <span class='ocrx_word' id='word_1_166' title='bbox 1409 1945 1628 1990; x_wconf 87' lang='lat' dir='ltr'><strong>Latinas“</strong></span> 
     </span>
     <span class='ocr_line' id='line_1_25' title="bbox 200 2018 1630 2080; baseline 0 -15"><span class='ocrx_word' id='word_1_167' title='bbox 200 2034 332 2079; x_wconf 79' lang='lat' dir='ltr'><strong>quam</strong></span> <span class='ocrx_word' id='word_1_168' title='bbox 362 2035 447 2078; x_wconf 85' lang='lat' dir='ltr'><strong>ego</strong></span> <span class='ocrx_word' id='word_1_169' title='bbox 477 2020 663 2076; x_wconf 83' lang='lat' dir='ltr'><strong>praebui</strong></span> <span class='ocrx_word' id='word_1_170' title='bbox 692 2018 929 2063; x_wconf 88' lang='lat' dir='ltr'><strong>lectionem</strong></span> <span class='ocrx_word' id='word_1_171' title='bbox 959 2020 1054 2062; x_wconf 90' lang='lat' dir='ltr'><strong>erui</strong></span> <span class='ocrx_word' id='word_1_172' title='bbox 1084 2033 1111 2062; x_wconf 90' lang='lat' dir='ltr'><strong>e</strong></span> <span class='ocrx_word' id='word_1_173' title='bbox 1129 2019 1347 2064; x_wconf 85' lang='lat' dir='ltr'><strong>Varronis</strong></span> <span class='ocrx_word' id='word_1_174' title='bbox 1376 2022 1523 2075; x_wconf 68' lang='lat' dir='ltr'><strong>codd„</strong></span> <span class='ocrx_word' id='word_1_175' title='bbox 1554 2022 1630 2080; x_wconf 87' lang='lat' dir='ltr'><strong>qui</strong></span> 
     </span>
     <span class='ocr_line' id='line_1_26' title="bbox 197 2085 1629 2150; baseline 0 -10"><span class='ocrx_word' id='word_1_176' title='bbox 197 2085 318 2140; x_wconf 81' lang='lat' dir='ltr'><strong>hunc</strong></span> <span class='ocrx_word' id='word_1_177' title='bbox 354 2095 503 2138; x_wconf 89' lang='lat' dir='ltr'><strong>locum</strong></span> <span class='ocrx_word' id='word_1_178' title='bbox 540 2094 609 2138; x_wconf 89' lang='lat' dir='ltr'><strong>sic</strong></span> <span class='ocrx_word' id='word_1_179' title='bbox 648 2093 879 2137; x_wconf 79' lang='lat' dir='ltr'><strong>exhibent:</strong></span> <span class='ocrx_word' id='word_1_180' title='bbox 929 2093 1139 2138; x_wconf 70' lang='lat' dir='ltr'><strong>»Cornua</strong></span> <span class='ocrx_word' id='word_1_181' title='bbox 1177 2107 1207 2137; x_wconf 88' lang='lat' dir='ltr'><strong>a</strong></span> <span class='ocrx_word' id='word_1_182' title='bbox 1254 2088 1445 2150; x_wconf 66' lang='lat' dir='ltr'><strong>cun-vore</strong></span> <span class='ocrx_word' id='word_1_183' title='bbox 1493 2096 1629 2150; x_wconf 78' lang='lat' dir='ltr'><strong>dIcta,</strong></span> 
     </span>
     <span class='ocr_line' id='line_1_27' title="bbox 153 2169 1632 2226; baseline 0.002 -13"><span class='ocrx_word' id='word_1_184' title='bbox 153 2172 154 2175; x_wconf 77' lang='grc'>’</span> <span class='ocrx_word' id='word_1_185' title='bbox 200 2170 320 2226; x_wconf 84' lang='lat' dir='ltr'><strong>quod</strong></span> <span class='ocrx_word' id='word_1_186' title='bbox 348 2169 565 2226; x_wconf 87' lang='lat' dir='ltr'><strong>pleraque</strong></span> <span class='ocrx_word' id='word_1_187' title='bbox 594 2181 830 2212; x_wconf 83' lang='lat' dir='ltr'><strong>curvamus</strong></span> <span class='ocrx_word' id='word_1_188' title='bbox 858 2181 913 2210; x_wconf 85' lang='lat' dir='ltr'><strong>ac</strong></span> <span class='ocrx_word' id='word_1_189' title='bbox 943 2181 1056 2225; x_wconf 88' lang='lat' dir='ltr'><strong>quas</strong></span> <span class='ocrx_word' id='word_1_190' title='bbox 1084 2175 1333 2211; x_wconf 88' lang='lat' dir='ltr'><strong>memorant</strong></span> <span class='ocrx_word' id='word_1_191' title='bbox 1360 2182 1503 2214; x_wconf 85' lang='lat' dir='ltr'><strong>nosce</strong></span> <span class='ocrx_word' id='word_1_192' title='bbox 1542 2184 1632 2216; x_wconf 77' lang='lat' dir='ltr'><strong>nos</strong></span> 
     </span>
     <span class='ocr_line' id='line_1_28' title="bbox 200 2242 1631 2302; baseline 0.001 -15"><span class='ocrx_word' id='word_1_193' title='bbox 200 2258 306 2287; x_wconf 86' lang='lat' dir='ltr'><strong>esse</strong></span> <span class='ocrx_word' id='word_1_194' title='bbox 344 2243 703 2287; x_wconf 80' lang='lat' dir='ltr'><strong>Camenarum.“</strong></span> <span class='ocrx_word' id='word_1_195' title='bbox 759 2242 849 2286; x_wconf 89' lang='lat' dir='ltr'><strong>Pro</strong></span> <span class='ocrx_word' id='word_1_196' title='bbox 888 2256 1056 2286; x_wconf 72' lang='lat' dir='ltr'><strong>„nosce</strong></span> <span class='ocrx_word' id='word_1_197' title='bbox 1092 2256 1179 2286; x_wconf 85' lang='lat' dir='ltr'><strong>nos</strong></span> <span class='ocrx_word' id='word_1_198' title='bbox 1214 2256 1347 2287; x_wconf 76' lang='lat' dir='ltr'><strong>esse“</strong></span> <span class='ocrx_word' id='word_1_199' title='bbox 1391 2243 1557 2302; x_wconf 83' lang='lat' dir='ltr'><strong>legitur</strong></span> <span class='ocrx_word' id='word_1_200' title='bbox 1583 2246 1631 2288; x_wconf 86' lang='lat' dir='ltr'><strong>in</strong></span> 
     </span>
     <span class='ocr_line' id='line_1_29' title="bbox 199 2304 1631 2379; baseline 0.001 -18"><span class='ocrx_word' id='word_1_201' title='bbox 199 2318 330 2361; x_wconf 81' lang='lat' dir='ltr'><strong>codd.</strong></span> <span class='ocrx_word' id='word_1_202' title='bbox 357 2316 502 2360; x_wconf 72' lang='lat' dir='ltr'><strong>Havn,</strong></span> <span class='ocrx_word' id='word_1_203' title='bbox 532 2329 700 2359; x_wconf 70' lang='lat' dir='ltr'><strong>„nosse</strong></span> <span class='ocrx_word' id='word_1_204' title='bbox 730 2326 881 2371; x_wconf 79' lang='lat' dir='ltr'><strong>esse,“</strong></span> <span class='ocrx_word' id='word_1_205' title='bbox 910 2323 986 2360; x_wconf 90' lang='lat' dir='ltr'><strong>aut</strong></span> <span class='ocrx_word' id='word_1_206' title='bbox 1015 2304 1184 2361; x_wconf 73' lang='lat' dir='ltr'><strong>„nosce</strong></span> <span class='ocrx_word' id='word_1_207' title='bbox 1195 2331 1280 2379; x_wconf 86' lang='lat' dir='ltr'><strong>vos</strong></span> <span class='ocrx_word' id='word_1_208' title='bbox 1311 2327 1523 2363; x_wconf 79' lang='lat' dir='ltr'><strong>esse.“—</strong></span> <span class='ocrx_word' id='word_1_209' title='bbox 1542 2319 1631 2369; x_wconf 85' lang='lat' dir='ltr'><strong>Qui</strong></span> 
     </span>
     <span class='ocr_line' id='line_1_30' title="bbox 201 2389 1630 2453; baseline 0.003 -19"><span class='ocrx_word' id='word_1_210' title='bbox 201 2404 310 2434; x_wconf 82' lang='lat' dir='ltr'><strong>vero</strong></span> <span class='ocrx_word' id='word_1_211' title='bbox 339 2390 484 2434; x_wconf 89' lang='lat' dir='ltr'><strong>Ennio</strong></span> <span class='ocrx_word' id='word_1_212' title='bbox 512 2389 629 2433; x_wconf 86' lang='lat' dir='ltr'><strong>haec</strong></span> <span class='ocrx_word' id='word_1_213' title='bbox 655 2392 796 2434; x_wconf 85' lang='lat' dir='ltr'><strong>verba</strong></span> <span class='ocrx_word' id='word_1_214' title='bbox 824 2404 930 2453; x_wconf 84' lang='lat' dir='ltr'><strong>esse</strong></span> <span class='ocrx_word' id='word_1_215' title='bbox 957 2391 1193 2434; x_wconf 84' lang='lat' dir='ltr'><strong>tribuenda</strong></span> <span class='ocrx_word' id='word_1_216' title='bbox 1219 2390 1504 2436; x_wconf 85' lang='lat' dir='ltr'><strong>nihilominus</strong></span> <span class='ocrx_word' id='word_1_217' title='bbox 1547 2405 1630 2449; x_wconf 86' lang='lat' dir='ltr'><strong>pu·</strong></span> 
     </span>
     <span class='ocr_line' id='line_1_31' title="bbox 201 2465 1631 2523; baseline 0.003 -13"><span class='ocrx_word' id='word_1_218' title='bbox 201 2472 310 2518; x_wconf 83' lang='lat' dir='ltr'><strong>tant,</strong></span> <span class='ocrx_word' id='word_1_219' title='bbox 348 2466 418 2510; x_wconf 87' lang='lat' dir='ltr'><strong>sic</strong></span> <span class='ocrx_word' id='word_1_220' title='bbox 453 2465 644 2509; x_wconf 84' lang='lat' dir='ltr'><strong>forsitan</strong></span> <span class='ocrx_word' id='word_1_221' title='bbox 683 2479 762 2520; x_wconf 90' lang='lat' dir='ltr'><strong>ea,</strong></span> <span class='ocrx_word' id='word_1_222' title='bbox 790 2472 840 2510; x_wconf 93' lang='lat' dir='ltr'><strong>ut</strong></span> <span class='ocrx_word' id='word_1_223' title='bbox 866 2479 1026 2511; x_wconf 86' lang='lat' dir='ltr'><strong>versus</strong></span> <span class='ocrx_word' id='word_1_224' title='bbox 1054 2465 1219 2523; x_wconf 84' lang='lat' dir='ltr'><strong>longus</strong></span> <span class='ocrx_word' id='word_1_225' title='bbox 1248 2467 1425 2519; x_wconf 82' lang='lat' dir='ltr'><strong>evadat,</strong></span> <span class='ocrx_word' id='word_1_226' title='bbox 1454 2480 1631 2514; x_wconf 84' lang='lat' dir='ltr'><strong>mecum</strong></span> 
     </span>
     <span class='ocr_line' id='line_1_32' title="bbox 200 2542 459 2587; baseline 0 -2"><span class='ocrx_word' id='word_1_227' title='bbox 200 2542 459 2587; x_wconf 69' lang='lat' dir='ltr'><strong>restituente</strong></span> 
     </span>
    </p>
   </div>
   <div class='ocr_carea' id='block_1_6' title="bbox 289 2605 1543 2741">
    <p class='ocr_par' dir='ltr' id='par_1_8' title="bbox 289 2605 1543 2741">
     <span class='ocr_line' id='line_1_33' title="bbox 289 2605 1543 2673; baseline 0.002 -13"><span class='ocrx_word' id='word_1_228' title='bbox 289 2614 473 2668; x_wconf 60' lang='lat' dir='ltr'><strong>»Muus</strong></span> <span class='ocrx_word' id='word_1_229' title='bbox 504 2609 616 2673; x_wconf 84' lang='lat' dir='ltr'><strong>quas</strong></span> <span class='ocrx_word' id='word_1_230' title='bbox 645 2612 943 2664; x_wconf 79' lang='lat' dir='ltr'><strong>memoramus</strong></span> <span class='ocrx_word' id='word_1_231' title='bbox 971 2617 1150 2662; x_wconf 87' lang='lat' dir='ltr'><strong>nomine</strong></span> <span class='ocrx_word' id='word_1_232' title='bbox 1182 2605 1543 2662; x_wconf 53' lang='lat' dir='ltr'><strong>&#39;Casmenarumf‘</strong></span> 
     </span>
     <span class='ocr_line' id='line_1_34' title="bbox 1332 2697 1360 2741; baseline 0 0"><span class='ocrx_word' id='word_1_233' title='bbox 1332 2697 1360 2741; x_wconf 85' lang='lat'>5</span> 
     </span>
    </p>
   </div>
  </div>
 </body>
</html>
