1814 2767
196 150 253 195 lo

311 265 442 317 Quae
469 264 530 312 de
556 264 737 311 nomine
755 263 1063 323 etputflacn·
1082 266 1259 320 Naevii,
1288 262 1520 325 Campani,
1548 260 1626 314 ad·

195 337 368 385 didisse
396 327 658 386 sufficienti
684 341 774 384 ium
801 341 860 385 de
889 347 1024 398 gente
1050 338 1298 394 Naevium,
1327 348 1387 386 ex
1401 349 1504 400 'qua
1531 346 1651 387 eret.

193 415 428 469 oriundus,
464 413 710 471 paullulum
737 413 1032 462 disseramus.
1068 415 1287 467 *Naevius
1309 417 1441 460 enim
1460 428 1555 459 non
1578 422 1630 460 ut

192 488 366 543 Livius,
396 489 633 534 Terentius
660 488 828 547 aliique
856 497 1022 546 poetae
1048 486 1176 535 latini
1194 489 1430 539 libertinus
1457 490 1555 544 fuit,
1583 496 1631 534 et

191 565 240 608 in
269 563 437 607 domini
479 568 659 621 gentem
685 569 920 621 receptus,
956 565 1088 610 cuius
1123 576 1286 610 nomen
1314 564 1510 622 accepit3
1546 565 1630 610 sed

193 645 269 682 aut
296 637 453 683 socius
480 637 566 682 fuit
591 637 721 693 liber,
749 645 828 683 aut
853 640 976 696 quod
1004 641 1212 697 equidem
1240 646 1362 697 puto,
1397 641 1629 696 municeps

191 713 282 757 iam
310 713 359 759 in
386 712 535 769 patria
563 712 795 768 Campana
821 713 921 757 iure
949 713 1146 758 civitatis
1173 724 1387 759 romanae
1421 716 1630 759 donatus.

192 787 308 831 Nam
345 799 480 844 quum
516 785 691 830 Gellius
730 784 861 832 Noct.
899 785 991 832 Act„
1028 783 1150 832 XIX.
1188 789 1261 833 21.
1326 782 1546 832 Naevium
1582 787 1630 830 in

192 860 391 907 camnine
420 862 476 904 de
506 860 626 905 bello
656 861 822 916 punico
851 861 996 916 primo
1017 862 1258 906 tradidisse
1279 860 1525 915 confirmat,
1556 871 1627 905 se-

191 948 245 979 se
273 935 321 978 in
351 935 438 980 hoc
466 934 588 979 bello
618 936 842 992 stipendia
870 937 1107 991 meruisse,
1136 951 1223 981 nec
1243 950 1298 980 eo
1317 943 1518 993 tempore
1538 949 1631 980 ser-

192 1009 238 1052 vi
268 1016 345 1052 aut
380 1009 576 1053 libertini
615 1011 662 1052 in
701 1008 945 1054 exercitum
983 1023 1215 1054 romanum
1251 1011 1628 1055 centuriarentur:

192 1096 296 1127 eum
323 1090 402 1126 aut
429 1084 619 1136 socium,
650 1085 725 1139 qui
754 1085 871 1126 inter
890 1084 1095 1139 legiones
1126 1085 1377 1140 Campanas
1407 1085 1631 1139 stipendia

191 1157 405 1209 merebat,
436 1163 513 1199 aut
542 1157 687 1201 civem
717 1158 885 1212 optimo
915 1158 1013 1202 iure
1042 1157 1187 1202 fuisse
1214 1170 1408 1202 necesse
1430 1164 1513 1202 est.
1554 1157 1628 1202 Li-

189 1231 352 1275 bertini
391 1232 509 1274 enim
546 1232 816 1287 gravissimo
854 1239 1024 1275 tantum
1061 1233 1335 1288 reipublicae
1374 1233 1629 1276 discrimine

189 1306 238 1349 in
265 1305 469 1349 militiam
498 1305 733 1349 centuriati
762 1312 881 1359 sunt,
924 1312 969 1350 et
996 1305 1100 1360 hoc,
1141 1307 1318 1364 quando
1346 1306 1514 1351 factum
1543 1312 1629 1359 est,

189 1381 356 1437 ubique
385 1393 415 1422 a
444 1380 762 1435 scriptionibus
793 1380 1135 1437 diligentissime
1164 1381 1295 1423 nobis
1315 1380 1504 1423 relatum
1534 1386 1628 1423 est:

188 1461 238 1498 ut
266 1456 314 1497 in
343 1455 461 1498 bello
490 1454 746 1510 periculoso
777 1469 877 1498 cum
908 1455 1197 1507 Samnitibus,
1227 1454 1448 1506 Etruscis,
1484 1454 1628 1497 Gallis

192 1529 349 1571 eodem
378 1535 579 1583 tempore
608 1529 717 1570 inito
749 1527 807 1571 cf.
835 1529 931 1571 Liv.
948 1529 1003 1571 X.
1021 1529 1107 1579 21„
1137 1529 1183 1569 in
1213 1528 1331 1570 bello
1362 1528 1527 1582 punico
1559 1540 1629 1569 se-

191 1603 339 1646 cundo
371 1602 426 1646 cf.
462 1602 558 1645 Liv.
589 1602 731 1645 XXII.
763 1603 831 1646 11.
893 1603 1011 1651 Quin
1049 1603 1182 1645 etiam
1219 1602 1396 1657 quando
1435 1601 1629 1643 libertini

189 1677 237 1719 in
265 1676 468 1718 militiam
497 1676 700 1718 navalem
731 1677 944 1732 descripti
976 1677 1080 1729 sint,
1110 1677 1198 1718 hoc
1217 1682 1441 1718 utcontra
1460 1688 1630 1717 morem

192 1757 237 1795 et
265 1749 638 1795 consuetudinem
666 1748 832 1794 factum
861 1764 967 1793 esse
998 1751 1054 1793 ab
1083 1749 1370 1793 historiarum
1400 1748 1626 1805 scriptori-

191 1827 276 1869 bus
319 1824 656 1868 accuratissime
700 1823 904 1868 refertur.
955 1822 1011 1868 cf.
1050 1823 1145 1867 Liv.
1188 1823 1281 1866 XL.
1331 1823 1400 1867 18.
1450 1830 1495 1867 et
1530 1823 1628 1868 Liv.

191 1901 325 1945 XLII.
356 1902 427 1944 27.

307 1975 530 2024 Quoniam
559 1987 669 2018 vero
699 1975 788 2016 iam
818 1980 921 2016 ante
941 1973 1101 2016 Naevii
1131 1978 1320 2015 aetatem
1340 1978 1444 2027 post
1463 1971 1628 2014 bellum

191 2050 376 2092 latinum
405 2064 450 2091 u.
482 2062 519 2092 c.
553 2048 753 2091 CDXVI.
823 2048 1067 2103 Campanis
1105 2046 1200 2090 fere
1231 2047 1437 2090 omnibus
1469 2046 1628 2089 civitas

192 2124 293 2166 sine
324 2122 538 2178 suffragio
577 2123 681 2164 data
717 2127 813 2164 erat
851 2121 936 2174 (cf.
974 2121 1186 2165 Ennium:
1229 2119 1399 2164 „Cives
1438 2119 1629 2162 Romani

192 2205 298 2240 tunc
326 2197 432 2240 facti
462 2203 567 2240 sunt
598 2196 846 2252 Campani«
865 2227 878 2248 ‚
910 2203 954 2238 et
981 2197 1079 2239 Liv.
1109 2196 1228 2239 VIII.
1263 2197 1331 2238 14.
1360 2194 1465 2238 Vell
1495 2194 1528 2236 I.
1561 2194 1627 2236 14.

193 2273 322 2315 Nieb.
367 2272 419 2314 11.
463 2271 545 2324 66,
606 2272 791 2327 eiusque
836 2256 1103 2314 sententiam
1147 2270 1403 2313 disturbans
1432 2267 1627 2323 Madvig.

194 2360 353 2401 opusc.
382 2361 424 2400 p.
455 2344 609 2399 242.):
649 2346 745 2388 veri
775 2345 966 2387 similius
996 2351 1081 2397 est,
1119 2344 1340 2388 Naevium
1368 2349 1547 2398 poetam
1575 2341 1626 2383 li-

191 2424 345 2464 berum
374 2419 516 2463 fuisse
546 2420 812 2474 municipem
841 2421 938 2462 iure
967 2420 1160 2462 civitatis
1183 2421 1242 2466 ³).
1283 2418 1515 2473 Stipendia
1545 2416 1627 2471 igi-

266 2600 311 2635 3)
338 2598 414 2630 Hoc
440 2598 518 2630 loco
551 2596 697 2630 forsitan
729 2597 812 2630 mihi
847 2597 926 2640 quis
959 2596 1105 2629 obiiciat
1137 2596 1246 2629 verba
1278 2594 1353 2628 Aul.
1381 2592 1488 2627 Gellii
1514 2592 1618 2625 Noct.

332 2662 401 2694 Ant.
428 2660 492 2694 111.
520 2663 573 2695 3.:
608 2671 658 2701 .,a
685 2660 946 2694 triumviris
971 2659 1006 2693 in
1034 2668 1209 2693 carcerem
1237 2658 1421 2692 coniectus
1446 2654 1553 2688 est“:
1591 2658 1626 2687 et
