1814 2767
1609 33 1670 67 Ι-.

1310 90 1319 97 ,
1386 30 1550 156 ⁹⁴⁰2»ae
1587 59 1775 168 (φῖ-,η

1538 129 1814 329 ‘914le

194 279 288 333 7)
317 278 452 324 Pater
483 280 657 325 noster
659 264 852 324 Saturni
900 277 920 331 ΙΙ
966 276 1056 321 filie

182 353 262 411 (cf.
290 338 435 399 prisc.
465 354 563 400 vn.
592 370 639 411 p.
667 354 789 404 641.)
911 353 914 357 ’

250 428 425 480 Quae
452 429 541 473 iam
570 427 796 479 sufficient
824 427 884 470 ad
911 439 1026 481 eam,
1057 439 1192 484 quam
1220 438 1360 483 supra
1388 425 1619 470 eonstitui-

180 516 296 556 ωας,-
325 516 480 548 veram
508 510 555 547 et
580 503 778 558 priscam
810 500 1004 544 Saturnii
1031 501 1221 545 formam
1250 515 1303 544 ac
1333 503 1545 557 speciem,
1576 509 1623 544 et

182 577 242 620 ad
279 575 510 631 licentias,
549 577 711 635 quibus
758 577 830 622 usi
872 582 976 619 sunt
1013 583 1176 631 poetae
1214 576 1272 628 in⁴
1299 574 1358 618 eo'
1394 575 1622 631 fingendo,

181 652 525 706 comprobanda.
556 650 718 695 Cetera
746 651 864 694 enim
898 649 1150 707 fragmenta
1179 663 1234 692 ex
1263 649 1380 692 Livii
1410 650 1623 707 Odyssea

180 725 343 781 partim
363 733 468 770 sunt
484 740 662 780 versus,
692 726 827 778 (sicut
857 740 971 783 quos
992 725 1135 769 Prisc.
1151 723 1226 787 ΠΙ.
1257 739 1300 781 p.
1331 723 1417 768 770
1437 731 1483 767 et
1500 723 1621 769 vul.

181 815 227 856 p.
256 801 345 846 817
383 800 616 853 exhibuit,)
646 815 674 843 a
712 800 1022 844 Grammaticis
1053 803 1098 843 in
1151 813 1359 843 versuum
1388 799 1623 856 longorum

180 873 384 928 formam,
414 876 487 918 cui
499 874 736 920 Saturnius
765 874 925 917 similis
956 881 1066 928 erat,
1102 874 1265 933 reensi,
1295 861 1455 928 partim
1482 887 1623 917 mem-

182 950 266 992 bra
295 950 483 993 duorum
510 963 723 992 versuum
751 962 837 992 nec
865 948 1065 1004 integros
1094 962 1257 991 versus
1286 947 1430 990 fuisse
1456 955 1581 1005 puto.

299 1022 472 1073 Quibus
503 1024 559 1066 de
590 1022 785 1066 Saturnii
815 1036 976 1066 versus
1003 1021 1149 1065 forma
1179 1036 1234 1065 ac
1254 1022 1429 1064 ratione
1471 1022 1621 1076 dispu-

183 1096 322 1150 tatis,
356 1097 447 1139 iam
489 1097 592 1152 ipsa
627 1096 901 1153 fragmenta,
934 1110 1049 1154 quae
1077 1096 1209 1139 nobis
1241 1110 1297 1139 ex
1326 1097 1488 1139 Naevii
1517 1109 1615 1140 car·

181 1170 302 1214 mine
333 1172 388 1215 de
417 1171 536 1215 bello
574 1172 736 1227 punico
768 1177 961 1224 exstant,
1000 1162 1274 1216 constituere
1314 1178 1358 1213 et
1395 1173 1453 1214 ad
1491 1172 1620 1214 metri

184 1245 279 1290 Sat.
309 1246 528 1289 rationem
553 1260 770 1290 revocare
789 1260 990 1302 possem,
1018 1246 1122 1299 nisi,
1153 1247 1212 1288 ad
1241 1247 1456 1300 ordinem,
1487 1260 1621 1304 quem

182 1318 232 1362 in
258 1320 317 1363 iis
347 1321 669 1363 consti-tuendis
699 1327 883 1364 secutus
932 1334 1055 1374 sum,
1087 1334 1265 1377 quaque
1305 1321 1353 1363 in
1388 1333 1440 1364 re
1479 1333 1619 1376 saepe

185 1392 238 1437 E.
270 1392 630 1450 Spargenbergio
652 1395 887 1449 dissentio,
917 1393 1239 1439 defendendam
1270 1402 1619 1439 consentaneum

185 1467 427 1521 videretur,
458 1469 677 1525 quaedam
706 1470 762 1513 de
790 1467 957 1523 fabula,
988 1483 1121 1527 quam
1147 1468 1347 1513 Naevius
1376 1469 1423 1513 in
1459 1468 1618 1526 primis

187 1541 244 1586 de
271 1541 391 1588 bello
420 1542 583 1599 punico
613 1541 741 1587 libris
770 1550 956 1589 secutus
986 1544 1061 1598 sit,
1090 1544 1386 1600 praemittere.
1426 1566 1484 1576 --

895 1778 927 1808 5.

255 1879 316 1913 De
347 1879 524 1925 fabula,
558 1891 687 1926 quam
723 1882 768 1915 in
801 1881 961 1926 primis
987 1881 1038 1916 de
1071 1882 1194 1917 bello
1219 1884 1384 1928 punico
1408 1884 1549 1928 primo

482 1943 621 1978 libris
658 1944 864 1980 Naevius
900 1949 1085 1980 secutus
1117 1946 1311 1980 videtur.

299 2074 550 2130 Antequam
581 2073 662 2120 Cn.
685 2076 884 2120 Naevius
914 2077 1078 2121 bellum
1105 2079 1313 2134 punicum
1341 2082 1490 2137 ipsum
1519 2095 1617 2126 car-

187 2148 307 2192 mine
348 2148 616 2202 celebravit,
655 2150 700 2192 in
735 2151 893 2206 primis
930 2151 1079 2205 libris,
1109 2146 1333 2211 tamquam
1367 2157 1617 2211 prooemio,

187 2236 369 2265 carmen
399 2224 455 2266 de
484 2222 654 2266 Romae
684 2231 728 2267 et
757 2224 1040 2282 Carthaginis
1077 2227 1334 2282 primordiis
1371 2230 1618 2286 praemisit,

187 2296 230 2338 in
262 2310 350 2353 quo
394 2303 438 2340 et
477 2297 694 2354 originem
731 2300 961 2358 utriusque
1003 2302 1183 2358 populi,
1228 2303 1532 2349 Romanorum
1575 2313 1619 2349 et

187 2369 634 2426 Carthaginiensium,
666 2380 710 2416 et
721 2388 910 2419 caussas
932 2390 1084 2419 eorum
1112 2377 1204 2421 odii
1233 2379 1411 2423 intimas
1440 2394 1496 2424 ac
1522 2378 1616 2422 lon-

187 2446 263 2501 ge
311 2451 506 2488 remotas
572 2449 844 2502 exposuisse
911 2450 1106 2509 ridetur.
1208 2452 1335 2502 Quae
1412 2460 1618 2497 enarrata

188 2519 316 2575 primi
356 2520 444 2562 duo
483 2519 584 2563 libri
623 2536 678 2564 ex
720 2523 892 2567 Octavii
932 2525 1150 2568 divisione
1196 2527 1617 2582 complectebantur.

187 2592 238 2636 ln
281 2593 380 2648 ipsa
418 2607 527 2637 vero
563 2593 715 2638 fabula
753 2598 968 2642 Naevium
1009 2599 1167 2654 partim
1217 2600 1419 2644 Graecos
1457 2608 1615 2657 poetas

187 2667 393 2721 cyclicus,
425 2669 500 2724 qui
530 2677 761 2724 vocantur,
796 2679 997 2717 secutum
1029 2687 1148 2727 esse,
1178 2678 1337 2730 partim
1365 2673 1541 2719 fabulas
1573 2683 1616 2718 et
