1814 2767
253 552 605 609 Fragmenta,
660 566 797 610 quae
855 557 1087 595 exstant
1149 566 1210 596 ex
1256 553 1457 595 Naevii
1508 567 1621 595 car-

316 621 319 624 ’
456 629 598 670 mine
636 627 702 670 de
739 625 896 671 bello
934 627 1141 683 punico
1171 627 1362 681 primo.

723 731 1033 786 Fragmentum
1065 730 1097 773 1.

399 821 485 871 Qui
515 821 651 864 terrai
688 820 833 864 Latiai
888 821 907 876 ΙΙ
960 820 1178 865 hemones
1209 818 1413 864 tuserunt

484 896 622 938 Viros
651 894 896 952 frudesque
926 895 1067 939 Poeni
1115 896 1134 950 ΙΙ
1181 894 1323 938 fabor.

306 981 405 1025 Hoc
432 980 726 1039 fragmentum
754 981 804 1026 P.
834 981 1008 1024 Merula
1038 982 1093 1024 ad
1122 980 1233 1023 Enn.
1263 963 1419 1037 fragm.
1450 990 1492 1036 p.
1523 981 1623 1024 XL!

193 1070 290 1113 sqq.
321 1070 347 1098 e
378 1055 602 1112 Calpurnii
632 1057 811 1098 Pisonis
834 1056 1140 1116 Manuscripto
1171 1055 1269 1099 libr.
1301 1056 1357 1098 de
1387 1056 1624 1100 continent.

191 1137 295 1174 vett.
324 1138 461 1186 poett.
493 1131 560 1174 sic
588 1131 718 1173 nobis
748 1130 907 1173 refert:
941 1129 1048 1173 „Cn.
1079 1130 1278 1173 Naevius
1309 1129 1428 1172 bello
1458 1131 1623 1185 punico

190 1206 332 1261 primo
363 1206 675 1248 immoraturus
707 1204 840 1256 canit,
871 1207 920 1247 ut
951 1203 1099 1247 solent
1127 1202 1204 1246 illo
1236 1218 1375 1247 aevo:
1416 1204 1504 1255 Qui
1533 1211 1621 1247 ter-

189 1281 256 1321 rai
304 1280 460 1323 Latiai.
487 1293 703 1321 omnones
742 1285 965 1338 tuserunt,
1005 1278 1128 1320 viros
1169 1279 1393 1334 rudesque
1431 1278 1625 1339 poenica

189 1351 360 1397 sabone<
390 1376 446 1383 -κ
475 1353 643 1395 Verum
673 1353 791 1396 enim
819 1367 928 1396 vero
958 1359 1138 1408 praeter
1151 1366 1246 1405 eas,
1279 1365 1393 1408 quas
1422 1346 1624 1396 Hochius

189 1427 219 1469 l.
248 1426 278 1468 1.
310 1427 560 1478 constituit,
599 1440 812 1479 caussas,
851 1426 967 1469 aliae
1008 1440 1184 1483 quoque
1225 1427 1410 1479 adsunt,
1459 1427 1622 1484 quibus

191 1507 437 1543 commotus
467 1500 585 1543 hunc
617 1515 796 1543 versum
827 1516 854 1543 a
874 1502 924 1545 P.
942 1501 1116 1544 Merula
1143 1501 1291 1544 fictum
1323 1515 1427 1544 esse
1456 1509 1622 1556 putem.

189 1575 337 1617 Primo
370 1575 483 1617 enim
514 1574 602 1617 hoc
633 1575 829 1628 offendit,
862 1577 979 1632 quod
997 1583 1084 1618 tam
1103 1582 1309 1618 accurate
1335 1583 1379 1618 et
1403 1575 1491 1619 hoc
1519 1575 1621 1619 loco

190 1657 234 1690 et
261 1650 440 1704 ubique,
472 1664 559 1704 quo
593 1649 799 1703 Calpurn.
831 1650 916 1691 iste
947 1650 1054 1691 Piso
1084 1650 1244 1690 Naevii
1272 1648 1521 1705 fragmenta
1550 1663 1620 1693 re-

188 1722 296 1776 fert,
336 1737 425 1765 non
466 1723 610 1765 solum
648 1737 807 1766 nomen
849 1724 1113 1779 cognomine
1153 1724 1329 1776 addito,
1371 1725 1450 1766 sed
1490 1725 1622 1767 etiam

188 1797 362 1848 librum,
395 1812 449 1839 ex
481 1812 568 1852 quo
598 1796 849 1839 referuntur
878 1796 1140 1852 fragmenta,
1172 1798 1304 1839 addit.
1336 1797 1510 1839 Deinde
1540 1798 1619 1840 mi-

188 1885 285 1913 rum
315 1878 398 1923 est,
430 1872 549 1927 quod
578 1871 726 1913 nullus
759 1871 1084 1913 Grammaticus
1114 1871 1229 1914 haec
1257 1871 1501 1926 fragmenta
1537 1885 1617 1913 no-

189 1944 258 1986 bis
295 1943 487 1998 profert,
529 1945 692 1999 quippe
732 1930 879 2000 quae,¹
908 1958 1039 2000 quum
1078 1944 1248 1985 initium
1287 1951 1441 1985 essent
1480 1944 1617 1985 totius

189 2018 420 2071 carminis,
463 2022 507 2060 et
545 2018 778 2073 aptissima
823 2024 867 2061 et
896 2018 1055 2075 cuique
1091 2014 1297 2072 prompta
1334 2024 1501 2062 essent.
1558 2017 1619 2062 At

187 2093 304 2135 hanc
337 2093 460 2135 litem
497 2092 628 2147 plane
667 2092 882 2145 diiudica,
923 2092 1049 2134 cuius
1089 2091 1231 2134 maior
1279 2098 1348 2134 est
1392 2092 1617 2136 doctrinae

189 2168 334 2222 copia.

302 2241 554 2283 Hermanus
593 2240 726 2283 elem.
768 2254 810 2296 p.
850 2241 947 2284 629.
986 2239 1155 2282 hiatum
1196 2238 1387 2297 fugiens,
1438 2253 1618 2284 versum

188 2314 253 2355 sic
281 2315 495 2356 restituit:

400 2387 487 2437 Qui
516 2385 653 2430 terrai
683 2388 827 2432 Latiai
857 2389 1069 2432 hemones
1100 2389 1404 2432 contuserunt.

301 2462 443 2510 Quum
473 2476 581 2504 vero
612 2470 797 2518 propter
826 2477 1007 2519 gravem
1036 2476 1268 2505 caesuram
1305 2464 1392 2505 hoc
1435 2462 1537 2505 loco
1568 2463 1613 2504 in

183 2550 320 2581 versu
338 2535 546 2582 Saturnio
566 2535 733 2582 hiatum
754 2552 845 2582 non
860 2537 1083 2582 ostendere
1098 2544 1248 2594 putem
1265 2537 1341 2593 (cf.
1350 2536 1452 2593 p.48
1462 2535 1613 2595 sqq..),

186 2612 356 2656 codicis
392 2612 721 2666 auctoritatem,
762 2613 909 2670 quoad
946 2613 1089 2665 licuit,
1131 2619 1314 2658 secutus
1343 2624 1455 2656 sum.
1515 2611 1614 2656 Huc
