1814 2767
1566 165 1629 212 <lo

177 282 285 330 ‚aa
272 275 439 347 that
446 272 769 369 enimi-1311&
772 277 971 340 Qus
984 281 1410 339 eopltofflancumn,
1438 279 1487 331 §i
1526 279 1628 337 quis

190 400 254 409 ,
315 403 321 409 ,
366 403 388 410 ,,
440 402 469 408 ,,
703 363 781 406 m
797 350 1478 412 condidissetr„,qnod>1nfamuam
1505 353 1628 407 faee-

373 426 555 486 ··J
599 419 848 486 amtor
878 425 974 474 cio
1008 429 1085 473 de
1102 417 1215 484 a'ep
1248 426 1355 473 libr.
1394 427 1472 477 ιν.
1510 428 1625 486 Aug.

185 502 417 557 &civit
421 504 509 548 de
506 494 587 563 ,lL
599 491 874 552 13·de
887 501 963 546 Ν.
992 504 1032 547 2.
1058 499 1201 555 Auct.
1238 502 1298 546 οὐ
1335 500 1532 547 Herenu.
1570 501 1627 546 ll.

182 565 380 635 mio.
401 565 591 625 Horat.
617 589 734 637 epp
732 575 851 620 libr.
877 574 934 620 ll.
964 576 1085 631 (139.
1114 576 1236 621 Fest.
1272 589 1314 620 v.
1345 590 1388 620 v.
1419 582 1627 621 occenta-

185 651 284 712 eiu
289 646 457 707 ibique
467 653 589 711 ἄρεω
600 643 835 710 Soebgeti
852 651 1023 703 notas).
1050 650 1095 693 Ε
1126 664 1308 697 earcere
1337 665 1465 703 vero,
1493 665 1629 707 quum

195 719 333 779 disus:
352 725 402 770 in
428 733 510 772 θα
517 725 783 782 scripsisset
803 723 1007 779 fabulas,
1045 722 1277 775 Hariolum
1314 731 1361 768 et
1396 724 1628 780 Leontem,

184 797 358 857 quibus
385 801 550 845 delicta
578 813 684 847 sua
695 807 754 852 et
782 799 1052 855 petulantias
1091 801 1310 844 dictorum
1349 799 1562 853 dilueret,
1601 813 1630 842 a

195 875 393 921 tribunis
408 874 559 931 plebis
588 859 744 919 contra
772 873 1044 919 voluntatem
1074 875 1176 929 (sic
1181 875 1288 919 mihi
1317 875 1516 929 videtur)
1545 887 1625 918 uo-

196 948 368 993 bilium
369 954 610 1004 exemptus
651 954 735 990 est.
779 946 835 990 cf.
868 946 981 991 Gell.
1012 946 1041 991 l
1079 947 1110 990 l.
1146 947 1303 991 Paullo
1341 954 1446 1003 post
1481 954 1628 991 autem

193 1020 389 1066 factione
426 1022 639 1066 nobilium
676 1029 722 1083 et
756 1021 999 1077 praecipue
1038 1021 1207 1065 Metelli
1253 1020 1332 1076 (cf.
1369 1021 1628 1077 Hieronym.

195 1097 243 1139 iu
284 1096 447 1140 Chron.
485 1096 649 1140 Euseb.
688 1095 867 1151 Olymp.
908 1095 1113 1148 Cxle)
1152 1095 1324 1138 Romae
1361 1095 1538 1147 Uticam
1582 1095 1629 1138 in

195 1170 375 1214 exilium
414 1170 573 1226 pulsus
611 1177 705 1224 est,
741 1170 827 1213 'ubi'
855 1169 915 1214 M.
948 1169 1156 1213 Cornelio
1187 1169 1388 1227 Cethego
1419 1169 1470 1214 G.
1500 1169 1627 1215 Sem·

194 1245 355 1301 pronio
385 1245 606 1289 Tuditano
637 1258 758 1287 coss.
787 1258 831 1293 u.
862 1258 901 1287 c.
931 1243 1133 1288 DXLIX.
1171 1245 1415 1288 secundum
1447 1243 1627 1288 Cicero·

193 1321 265 1376 nis
295 1306 541 1375 temporum
570 1319 956 1362 ratiocinationem
985 1318 1103 1361 diem
1133 1332 1388 1374 supremum
1418 1319 1542 1363 obiit.
1571 1317 1628 1363 cf.

196 1393 290 1438 cic.
319 1395 442 1436 Brut.
473 1407 512 1437 c.
540 1393 627 1436 XV
666 1393 816 1449 ibique
852 1388 1133 1436 Wetzelium.
1193 1393 1340 1436 Varro
1381 1407 1489 1437 vero
1530 1392 1628 1437 ‹lili-

194 1468 485 1525 gentissimus
506 1468 781 1524 antiquitatis
804 1468 1101 1523 investigator
1129 1468 1174 1510 in
1195 1466 1280 1510 hoc
1300 1482 1406 1513 esse
1436 1475 1628 1511 erratum
1646 1502 1650 1507 ,

196 1550 334 1598 putat,
364 1542 588 1599 vitamque
617 1542 778 1590 Naevii
807 1541 945 1585 multo
982 1542 1163 1599 longius
1199 1544 1416 1598 producit.
1447 1541 1503 1586 cf.
1534 1541 1628 1587 Cic.

195 1617 228 1662 l.-
253 1617 284 1660 l.
323 1617 423 1666 Qua
451 1617 712 1660 auctoritate
742 1617 1012 1673 gravissima
1041 1625 1287 1660 commotus
1317 1632 1411 1660 rem
1442 1630 1626 1661 accura-

195 1693 285 1735 tius
315 1698 512 1734 tractans
541 1690 628 1735 hac
664 1705 842 1747 quoque
879 1692 923 1733 in
968 1705 1184 1734 annorum
1213 1691 1554 1735 ratiocinatione
1585 1700 1629 1734 et

198 1765 460 1826 Ciceronem
500 1772 546 1807 et
581 1766 678 1807 eius
715 1765 1000 1818 interpretem
1037 1764 1305 1820 Wetzelium
1346 1778 1526 1808 errasse
1555 1778 1625 1807 ar-

196 1841 350 1884 bitror.
407 1840 519 1882 Nam
553 1854 685 1896 quum
714 1839 1011 1895 Hieronymus
1042 1840 1086 1882 in
1119 1839 1281 1884 Chron.
1311 1840 1418 1884 Eus.
1450 1840 1627 1897 Olymp.

197 1913 377 1957 CXLIV
406 1915 623 1957 Naevium
652 1914 855 1957 Uticae
885 1920 1104 1957 mortuum
1135 1928 1240 1958 esse
1270 1915 1512 1967 tradiderit,
1541 1928 1627 1958 nec

195 1986 288 2030 ulla
316 1987 448 2030 nobis
480 1988 538 2029 sit
549 2000 728 2039 caussa,
761 2000 849 2042 qua
864 1988 1071 2031 commoti
1100 1988 1216 2030 hanc
1236 1987 1495 2042 Hieronymi
1524 2001 1625 2030 nar-

194 2060 422 2103 rationem.
443 2060 622 2102 omnino
661 2060 809 2103 fictam
849 2074 954 2102 esse
983 2067 1209 2114 putemusz
1240 2060 1446 2104 iamrhac
1475 2075 1533 2104 ex
1560 2075 1626 2114 re,

197 2135 238 2177 si
277 2133 532 2189 diligentius
572 2134 629 2174 ad
665 2133 898 2175 historiam
948 2133 1046 2176 eius
1090 2135 1306 2189 temporis
1355 2142 1627 2190 spectamus,

196 2207 429 2260 Naevium,
468 2207 508 2248 si
545 2219 739 2262 unquam
776 2206 937 2249 Uticae
975 2213 1175 2250 mortuus
1216 2214 1307 2261 est,
1348 2208 1484 2251 multo
1522 2216 1630 2265 post

197 2281 259 2323 M.
309 2279 562 2325 Cornelium
607 2278 867 2336 Cethegum,
917 2280 964 2323 Τ.
1007 2280 1321 2336 Sempronium
1363 2283 1628 2326 Tuditanum

199 2367 321 2397 coss.
358 2359 577 2410 mortuum
624 2368 730 2399 esse
768 2354 919 2411 colligi
955 2345 1077 2400 licet.
1149 2355 1211 2407 M.
1250 2356 1384 2400 Corn.
1428 2357 1626 2415 Cethego

200 2427 334 2478 enim,
363 2427 413 2470 Τ.
445 2427 712 2483 Sempronio
750 2429 969 2472 Tuditano
1010 2443 1132 2473 coss.
1171 2430 1325 2484 Utica,
1366 2445 1481 2488 quae
1517 2433 1626 2475 urbs

200 2501 398 2545 secundo
435 2501 554 2544 bello
590 2503 753 2558 punico
792 2502 1235 2560 Carthaginiensibus
1280 2505 1495 2562 singulari
1537 2505 1627 2550 fide

199 2575 376 2620 addicta
406 2581 516 2638 erat,
546 2589 575 2618 a
596 2576 810 2639 Scipione
830 2569 1190 2636 oppugnabatur-3
1222 2593 1310 2636 qua
1332 2592 1381 2621 re
1410 2579 1628 2624 Naevium

199 2656 276 2719 aut
304 2648 577 2706 transfugam
606 2651 665 2694 ad
702 2643 909 2697 infestam
937 2651 1152 2696 Romanis
1181 2654 1330 2698 urbem
1343 2683 1358 2705 ‚
1388 2660 1466 2698 aut
1493 2655 1627 2701 etiam

1305 2745 1353 2767 0*
