<?xml version="1.0" encoding="UTF-8"?>
<!DOCTYPE html PUBLIC "-//W3C//DTD XHTML 1.0 Transitional//EN"
    "http://www.w3.org/TR/xhtml1/DTD/xhtml1-transitional.dtd">
<html xmlns="http://www.w3.org/1999/xhtml" xml:lang="en" lang="en">
 <head>
  <title>
</title>
<meta http-equiv="Content-Type" content="text/html;charset=utf-8" />
  <meta name='ocr-system' content='tesseract 3.04.00' />
  <meta name='ocr-capabilities' content='ocr_page ocr_carea ocr_par ocr_line ocrx_word'/>
</head>
<body>
  <div class='ocr_page' id='page_1' title='image "4737846_0079.png"; bbox 0 0 1814 2767; ppageno 0'>
   <div class='ocr_carea' id='block_1_1' title="bbox 1573 114 1631 159">
    <p class='ocr_par' dir='ltr' id='par_1_1' title="bbox 1573 114 1631 159">
     <span class='ocr_line' id='line_1_1' title="bbox 1573 114 1631 159; baseline 0 0"><span class='ocrx_word' id='word_1_1' title='bbox 1573 114 1631 159; x_wconf 78' lang='lat'><strong>69</strong></span> 
     </span>
    </p>
   </div>
   <div class='ocr_carea' id='block_1_2' title="bbox 172 225 1631 2655">
    <p class='ocr_par' dir='ltr' id='par_1_2' title="bbox 194 225 1631 568">
     <span class='ocr_line' id='line_1_2' title="bbox 194 225 1631 286; baseline -0.001 -14"><span class='ocrx_word' id='word_1_2' title='bbox 194 226 363 278; x_wconf 79' lang='lat' dir='ltr'><strong>Eorum</strong></span> <span class='ocrx_word' id='word_1_3' title='bbox 389 233 560 282; x_wconf 76' lang='lat' dir='ltr'><strong>sectam</strong></span> <span class='ocrx_word' id='word_1_4' title='bbox 588 231 842 286; x_wconf 85' lang='lat' dir='ltr'><strong>sequuntur</strong></span> <span class='ocrx_word' id='word_1_5' title='bbox 862 225 987 284; x_wconf 84' lang='lat' dir='ltr'><strong>multi</strong></span> <span class='ocrx_word' id='word_1_6' title='bbox 1016 225 1243 271; x_wconf 77' lang='lat' dir='ltr'><strong>mortales.</strong></span> <span class='ocrx_word' id='word_1_7' title='bbox 1271 225 1392 272; x_wconf 87' lang='lat' dir='ltr'><strong>Ecce</strong></span> <span class='ocrx_word' id='word_1_8' title='bbox 1410 226 1500 273; x_wconf 85' lang='lat' dir='ltr'><strong>hoc</strong></span> <span class='ocrx_word' id='word_1_9' title='bbox 1528 234 1631 272; x_wconf 81' lang='lat' dir='ltr'><strong>est:</strong></span> 
     </span>
     <span class='ocr_line' id='line_1_3' title="bbox 195 292 1630 359; baseline 0 -12"><span class='ocrx_word' id='word_1_10' title='bbox 195 292 403 357; x_wconf 71' lang='lat' dir='ltr'><strong>Invenies</strong></span> <span class='ocrx_word' id='word_1_11' title='bbox 432 302 659 346; x_wconf 75' lang='lat' dir='ltr'><strong>admirans</strong></span> <span class='ocrx_word' id='word_1_12' title='bbox 685 312 918 345; x_wconf 76' lang='lat' dir='ltr'><strong>numerum</strong></span> <span class='ocrx_word' id='word_1_13' title='bbox 947 301 1096 359; x_wconf 89' lang='lat' dir='ltr'><strong>(Virg.</strong></span> <span class='ocrx_word' id='word_1_14' title='bbox 1128 301 1182 345; x_wconf 87' lang='lat'><strong>11.</strong></span> <span class='ocrx_word' id='word_1_15' title='bbox 1213 301 1335 353; x_wconf 86' lang='grc'><strong>797.)</strong></span> <span class='ocrx_word' id='word_1_16' title='bbox 1391 301 1521 347; x_wconf 81' lang='lat' dir='ltr'><strong>Multi</strong></span> <span class='ocrx_word' id='word_1_17' title='bbox 1550 301 1630 347; x_wconf 80' lang='lat' dir='ltr'><strong>alii</strong></span> 
     </span>
     <span class='ocr_line' id='line_1_4' title="bbox 196 374 1626 433; baseline -0.001 -11"><span class='ocrx_word' id='word_1_18' title='bbox 196 390 224 422; x_wconf 80' lang='lat' dir='ltr'><strong>e</strong></span> <span class='ocrx_word' id='word_1_19' title='bbox 250 376 391 421; x_wconf 72' lang='lat' dir='ltr'><strong>Troia</strong></span> <span class='ocrx_word' id='word_1_20' title='bbox 418 378 588 421; x_wconf 89' lang='lat' dir='ltr'><strong>strenui</strong></span> <span class='ocrx_word' id='word_1_21' title='bbox 615 376 726 421; x_wconf 84' lang='lat' dir='ltr'><strong>viri·</strong></span> <span class='ocrx_word' id='word_1_22' title='bbox 753 375 876 419; x_wconf 86' lang='lat' dir='ltr'><strong>Ecce</strong></span> <span class='ocrx_word' id='word_1_23' title='bbox 912 374 960 418; x_wconf 89' lang='lat' dir='ltr'><strong>hi</strong></span> <span class='ocrx_word' id='word_1_24' title='bbox 995 382 1122 420; x_wconf 88' lang='lat' dir='ltr'><strong>sunt.</strong></span> <span class='ocrx_word' id='word_1_25' title='bbox 1161 375 1339 420; x_wconf 82' lang='lat' dir='ltr'>Animis</span> <span class='ocrx_word' id='word_1_26' title='bbox 1377 377 1538 433; x_wconf 87' lang='lat' dir='ltr'><strong>parati.</strong></span> <span class='ocrx_word' id='word_1_27' title='bbox 1566 375 1626 421; x_wconf 83' lang='lat' dir='ltr'><strong>V.</strong></span> 
     </span>
     <span class='ocr_line' id='line_1_5' title="bbox 195 449 1625 507; baseline 0.001 -12"><span class='ocrx_word' id='word_1_28' title='bbox 195 451 294 505; x_wconf 79' lang='lat'><strong>⁷9.)</strong></span> <span class='ocrx_word' id='word_1_29' title='bbox 350 450 439 494; x_wconf 85' lang='lat' dir='ltr'><strong>Ubi</strong></span> <span class='ocrx_word' id='word_1_30' title='bbox 465 449 590 496; x_wconf 81' lang='lat' dir='ltr'><strong>foras</strong></span> <span class='ocrx_word' id='word_1_31' title='bbox 619 464 720 496; x_wconf 89' lang='lat' dir='ltr'><strong>cum</strong></span> <span class='ocrx_word' id='word_1_32' title='bbox 749 463 860 493; x_wconf 89' lang='lat' dir='ltr'><strong>auro</strong></span> <span class='ocrx_word' id='word_1_33' title='bbox 888 449 984 495; x_wconf 89' lang='lat' dir='ltr'><strong>illic</strong></span> <span class='ocrx_word' id='word_1_34' title='bbox 1019 451 1212 496; x_wconf 84' lang='lat' dir='ltr'><strong>exibant.</strong></span> <span class='ocrx_word' id='word_1_35' title='bbox 1250 451 1393 496; x_wconf 81' lang='lat' dir='ltr'><strong>Ecce:</strong></span> <span class='ocrx_word' id='word_1_36' title='bbox 1452 450 1625 507; x_wconf 82' lang='lat' dir='ltr'><strong>Opibus</strong></span> 
     </span>
     <span class='ocr_line' id='line_1_6' title="bbox 194 525 409 568; baseline 0 0"><span class='ocrx_word' id='word_1_37' title='bbox 194 525 409 568; x_wconf 74' lang='lat' dir='ltr'><strong>instructi.</strong></span> 
     </span>
    </p>

    <p class='ocr_par' dir='ltr' id='par_1_3' title="bbox 306 598 1578 655">
     <span class='ocr_line' id='line_1_7' title="bbox 306 598 1578 655; baseline -0.001 -13"><span class='ocrx_word' id='word_1_38' title='bbox 306 598 497 644; x_wconf 79' lang='lat' dir='ltr'><strong>Mettum</strong></span> <span class='ocrx_word' id='word_1_39' title='bbox 523 599 683 655; x_wconf 82' lang='lat' dir='ltr'><strong>paucis</strong></span> <span class='ocrx_word' id='word_1_40' title='bbox 711 599 952 643; x_wconf 88' lang='lat' dir='ltr'><strong>immutatis</strong></span> <span class='ocrx_word' id='word_1_41' title='bbox 979 600 1217 643; x_wconf 79' lang='lat' dir='ltr'><strong>restituere</strong></span> <span class='ocrx_word' id='word_1_42' title='bbox 1246 605 1435 643; x_wconf 80' lang='lat' dir='ltr'><strong>conatus</strong></span> <span class='ocrx_word' id='word_1_43' title='bbox 1464 611 1578 651; x_wconf 72' lang='lat' dir='ltr'><strong>sum.</strong></span> 
     </span>
    </p>

    <p class='ocr_par' dir='ltr' id='par_1_4' title="bbox 735 672 1076 730">
     <span class='ocr_line' id='line_1_8' title="bbox 735 672 1076 730; baseline -0.003 -14"><span class='ocrx_word' id='word_1_44' title='bbox 735 674 947 730; x_wconf 89' lang='lat' dir='ltr'><strong>Fragm.</strong></span> <span class='ocrx_word' id='word_1_45' title='bbox 976 672 1076 716; x_wconf 87' lang='grc' dir='ltr'><strong>ΧΠ.</strong></span> 
     </span>
    </p>

    <p class='ocr_par' dir='ltr' id='par_1_5' title="bbox 361 744 1442 803">
     <span class='ocr_line' id='line_1_9' title="bbox 361 744 1442 803; baseline 0 -13"><span class='ocrx_word' id='word_1_46' title='bbox 361 746 530 791; x_wconf 72' lang='lat' dir='ltr'><strong>Ferunt</strong></span> <span class='ocrx_word' id='word_1_47' title='bbox 559 745 739 802; x_wconf 76' lang='lat' dir='ltr'><strong>pulcras</strong></span> <span class='ocrx_word' id='word_1_48' title='bbox 769 746 985 800; x_wconf 72' lang='lat' dir='ltr'><strong>crateras,</strong></span> <span class='ocrx_word' id='word_1_49' title='bbox 1006 746 1026 803; x_wconf 80' lang='grc' dir='ltr'><strong>ΙΙ</strong></span> <span class='ocrx_word' id='word_1_50' title='bbox 1044 746 1209 790; x_wconf 66' lang='lat' dir='ltr'><strong>dureas</strong></span> <span class='ocrx_word' id='word_1_51' title='bbox 1237 744 1442 802; x_wconf 79' lang='lat' dir='ltr'><strong>lepistas.</strong></span> 
     </span>
    </p>

    <p class='ocr_par' dir='ltr' id='par_1_6' title="bbox 183 818 1622 1249">
     <span class='ocr_line' id='line_1_10' title="bbox 189 818 1620 877; baseline 0 -13"><span class='ocrx_word' id='word_1_52' title='bbox 189 818 271 876; x_wconf 80' lang='lat' dir='ltr'><strong>(cf.</strong></span> <span class='ocrx_word' id='word_1_53' title='bbox 297 820 405 865; x_wconf 86' lang='lat' dir='ltr'><strong>Atil.</strong></span> <span class='ocrx_word' id='word_1_54' title='bbox 433 821 552 864; x_wconf 90' lang='lat' dir='ltr'><strong>Fort.</strong></span> <span class='ocrx_word' id='word_1_55' title='bbox 581 835 627 876; x_wconf 90' lang='lat' dir='ltr'><strong>p.</strong></span> <span class='ocrx_word' id='word_1_56' title='bbox 655 819 782 864; x_wconf 78' lang='lat'><strong>268⁰.</strong></span> <span class='ocrx_word' id='word_1_57' title='bbox 811 820 925 863; x_wconf 84' lang='lat' dir='ltr'><strong>Plot.</strong></span> <span class='ocrx_word' id='word_1_58' title='bbox 955 822 1011 864; x_wconf 86' lang='lat' dir='ltr'><strong>de</strong></span> <span class='ocrx_word' id='word_1_59' title='bbox 1039 827 1166 865; x_wconf 84' lang='lat' dir='ltr'><strong>metr.</strong></span> <span class='ocrx_word' id='word_1_60' title='bbox 1195 835 1239 877; x_wconf 91' lang='lat' dir='ltr'><strong>p.</strong></span> <span class='ocrx_word' id='word_1_61' title='bbox 1268 820 1398 864; x_wconf 82' lang='lat'><strong>2650.</strong></span> <span class='ocrx_word' id='word_1_62' title='bbox 1429 819 1478 865; x_wconf 82' lang='grc' dir='ltr'><strong>Ρ.</strong></span> <span class='ocrx_word' id='word_1_63' title='bbox 1504 818 1620 865; x_wconf 82' lang='lat' dir='ltr'><strong>Mar.</strong></span> 
     </span>
     <span class='ocr_line' id='line_1_11' title="bbox 188 893 1622 953; baseline 0 -14"><span class='ocrx_word' id='word_1_64' title='bbox 188 894 307 940; x_wconf 80' lang='lat' dir='ltr'><strong>Vict.</strong></span> <span class='ocrx_word' id='word_1_65' title='bbox 337 894 413 938; x_wconf 86' lang='lat'><strong>111.</strong></span> <span class='ocrx_word' id='word_1_66' title='bbox 441 909 486 951; x_wconf 88' lang='lat' dir='ltr'><strong>p.</strong></span> <span class='ocrx_word' id='word_1_67' title='bbox 525 895 653 939; x_wconf 83' lang='lat'><strong>2587.</strong></span> <span class='ocrx_word' id='word_1_68' title='bbox 689 894 760 946; x_wconf 89' lang='lat' dir='ltr'><strong>P.)</strong></span> <span class='ocrx_word' id='word_1_69' title='bbox 791 893 931 938; x_wconf 84' lang='lat' dir='ltr'><strong>codd.</strong></span> <span class='ocrx_word' id='word_1_70' title='bbox 969 895 1178 939; x_wconf 82' lang='lat' dir='ltr'><strong>exhibent</strong></span> <span class='ocrx_word' id='word_1_71' title='bbox 1215 901 1462 949; x_wconf 80' lang='lat' dir='ltr'><strong>creterras,</strong></span> <span class='ocrx_word' id='word_1_72' title='bbox 1499 895 1622 953; x_wconf 80' lang='lat' dir='ltr'><strong>quod</strong></span> 
     </span>
     <span class='ocr_line' id='line_1_12' title="bbox 188 969 1618 1024; baseline 0.001 -13"><span class='ocrx_word' id='word_1_73' title='bbox 188 982 281 1011; x_wconf 90' lang='lat' dir='ltr'><strong>non</strong></span> <span class='ocrx_word' id='word_1_74' title='bbox 320 969 500 1012; x_wconf 91' lang='lat' dir='ltr'><strong>omnino</strong></span> <span class='ocrx_word' id='word_1_75' title='bbox 537 976 609 1012; x_wconf 86' lang='lat' dir='ltr'><strong>est</strong></span> <span class='ocrx_word' id='word_1_76' title='bbox 645 969 1032 1024; x_wconf 73' lang='lat' dir='ltr'><strong>despernendum.</strong></span> <span class='ocrx_word' id='word_1_77' title='bbox 1081 970 1263 1013; x_wconf 86' lang='lat' dir='ltr'><strong>Librum</strong></span> <span class='ocrx_word' id='word_1_78' title='bbox 1298 982 1390 1012; x_wconf 89' lang='lat' dir='ltr'><strong>non</strong></span> <span class='ocrx_word' id='word_1_79' title='bbox 1428 969 1618 1020; x_wconf 79' lang='lat' dir='ltr'><strong>addunt3</strong></span> 
     </span>
     <span class='ocr_line' id='line_1_13' title="bbox 186 1043 1619 1101; baseline -0.001 -14"><span class='ocrx_word' id='word_1_80' title='bbox 186 1057 277 1101; x_wconf 82' lang='lat' dir='ltr'><strong>qua</strong></span> <span class='ocrx_word' id='word_1_81' title='bbox 302 1057 354 1088; x_wconf 91' lang='lat' dir='ltr'><strong>re</strong></span> <span class='ocrx_word' id='word_1_82' title='bbox 382 1045 440 1087; x_wconf 86' lang='lat' dir='ltr'><strong>ad</strong></span> <span class='ocrx_word' id='word_1_83' title='bbox 466 1043 572 1100; x_wconf 82' lang='lat' dir='ltr'><strong>libr.</strong></span> <span class='ocrx_word' id='word_1_84' title='bbox 597 1045 646 1097; x_wconf 89' lang='lat'><strong>1.,</strong></span> <span class='ocrx_word' id='word_1_85' title='bbox 681 1051 815 1101; x_wconf 86' lang='lat' dir='ltr'><strong>atque</strong></span> <span class='ocrx_word' id='word_1_86' title='bbox 844 1045 903 1087; x_wconf 82' lang='lat' dir='ltr'><strong>ad</strong></span> <span class='ocrx_word' id='word_1_87' title='bbox 930 1043 1047 1087; x_wconf 88' lang='lat' dir='ltr'><strong>hunc</strong></span> <span class='ocrx_word' id='word_1_88' title='bbox 1074 1043 1223 1088; x_wconf 91' lang='lat' dir='ltr'><strong>locum</strong></span> <span class='ocrx_word' id='word_1_89' title='bbox 1260 1043 1499 1087; x_wconf 84' lang='lat' dir='ltr'><strong>referenda</strong></span> <span class='ocrx_word' id='word_1_90' title='bbox 1527 1044 1619 1087; x_wconf 90' lang='lat' dir='ltr'><strong>sint</strong></span> 
     </span>
     <span class='ocr_line' id='line_1_14' title="bbox 183 1116 1618 1176; baseline 0.001 -15"><span class='ocrx_word' id='word_1_91' title='bbox 183 1117 303 1162; x_wconf 84' lang='lat' dir='ltr'><strong>haec</strong></span> <span class='ocrx_word' id='word_1_92' title='bbox 329 1119 483 1171; x_wconf 83' lang='lat' dir='ltr'><strong>verba,</strong></span> <span class='ocrx_word' id='word_1_93' title='bbox 513 1132 569 1162; x_wconf 85' lang='lat' dir='ltr'><strong>ex</strong></span> <span class='ocrx_word' id='word_1_94' title='bbox 598 1118 701 1173; x_wconf 87' lang='lat' dir='ltr'><strong>ipsa</strong></span> <span class='ocrx_word' id='word_1_95' title='bbox 737 1119 980 1171; x_wconf 88' lang='lat' dir='ltr'><strong>sententia,</strong></span> <span class='ocrx_word' id='word_1_96' title='bbox 1019 1130 1152 1175; x_wconf 87' lang='lat' dir='ltr'><strong>quam</strong></span> <span class='ocrx_word' id='word_1_97' title='bbox 1188 1119 1429 1174; x_wconf 83' lang='lat' dir='ltr'><strong>praebent,</strong></span> <span class='ocrx_word' id='word_1_98' title='bbox 1465 1116 1618 1176; x_wconf 83' lang='lat' dir='ltr'><strong>aliqua</strong></span> 
     </span>
     <span class='ocr_line' id='line_1_15' title="bbox 185 1191 729 1249; baseline 0 -13"><span class='ocrx_word' id='word_1_99' title='bbox 185 1191 498 1249; x_wconf 83' lang='lat' dir='ltr'><strong>probabilitate</strong></span> <span class='ocrx_word' id='word_1_100' title='bbox 527 1199 729 1249; x_wconf 89' lang='lat' dir='ltr'><strong>apparet.</strong></span> 
     </span>
    </p>

    <p class='ocr_par' dir='ltr' id='par_1_7' title="bbox 712 1266 1069 1324">
     <span class='ocr_line' id='line_1_16' title="bbox 712 1266 1069 1324; baseline 0 -14"><span class='ocrx_word' id='word_1_101' title='bbox 712 1267 922 1324; x_wconf 85' lang='lat' dir='ltr'><strong>Fragm.</strong></span> <span class='ocrx_word' id='word_1_102' title='bbox 950 1266 1069 1310; x_wconf 84' lang='lat' dir='ltr'><strong>xm.</strong></span> 
     </span>
    </p>

    <p class='ocr_par' dir='ltr' id='par_1_8' title="bbox 183 1340 1616 1541">
     <span class='ocr_line' id='line_1_17' title="bbox 298 1340 1616 1397; baseline -0.001 -12"><span class='ocrx_word' id='word_1_103' title='bbox 298 1341 500 1387; x_wconf 75' lang='lat' dir='ltr'><strong>„Novam</strong></span> <span class='ocrx_word' id='word_1_104' title='bbox 535 1348 684 1385; x_wconf 85' lang='lat' dir='ltr'><strong>tamen</strong></span> <span class='ocrx_word' id='word_1_105' title='bbox 717 1355 813 1385; x_wconf 90' lang='lat' dir='ltr'><strong>rem</strong></span> <span class='ocrx_word' id='word_1_106' title='bbox 859 1342 1061 1396; x_wconf 83' lang='lat' dir='ltr'><strong>Naevius</strong></span> <span class='ocrx_word' id='word_1_107' title='bbox 1108 1340 1230 1385; x_wconf 88' lang='lat' dir='ltr'><strong>bello</strong></span> <span class='ocrx_word' id='word_1_108' title='bbox 1279 1343 1443 1397; x_wconf 84' lang='lat' dir='ltr'><strong>punico</strong></span> <span class='ocrx_word' id='word_1_109' title='bbox 1493 1340 1616 1394; x_wconf 80' lang='lat' dir='ltr'><strong>dicit,</strong></span> 
     </span>
     <span class='ocr_line' id='line_1_18' title="bbox 183 1413 1614 1473; baseline 0.001 -17"><span class='ocrx_word' id='word_1_110' title='bbox 183 1426 318 1457; x_wconf 88' lang='lat' dir='ltr'><strong>unam</strong></span> <span class='ocrx_word' id='word_1_111' title='bbox 345 1428 507 1458; x_wconf 89' lang='lat' dir='ltr'><strong>navem</strong></span> <span class='ocrx_word' id='word_1_112' title='bbox 534 1415 749 1459; x_wconf 86' lang='lat' dir='ltr'><strong>hacuisse</strong></span> <span class='ocrx_word' id='word_1_113' title='bbox 776 1414 994 1468; x_wconf 82' lang='lat' dir='ltr'><strong>Aeneam,</strong></span> <span class='ocrx_word' id='word_1_114' title='bbox 1024 1428 1157 1473; x_wconf 87' lang='lat' dir='ltr'><strong>quam</strong></span> <span class='ocrx_word' id='word_1_115' title='bbox 1166 1414 1418 1459; x_wconf 85' lang='lat' dir='ltr'><strong>Mercurius</strong></span> <span class='ocrx_word' id='word_1_116' title='bbox 1445 1413 1614 1459; x_wconf 82' lang='lat' dir='ltr'><strong>fecerit.</strong></span> 
     </span>
     <span class='ocr_line' id='line_1_19' title="bbox 183 1486 866 1541; baseline 0.001 -9"><span class='ocrx_word' id='word_1_117' title='bbox 183 1486 261 1541; x_wconf 84' lang='lat' dir='ltr'><strong>(cf.</strong></span> <span class='ocrx_word' id='word_1_118' title='bbox 293 1488 421 1532; x_wconf 84' lang='lat' dir='ltr'><strong>Serv.</strong></span> <span class='ocrx_word' id='word_1_119' title='bbox 452 1489 511 1531; x_wconf 85' lang='lat' dir='ltr'><strong>ad</strong></span> <span class='ocrx_word' id='word_1_120' title='bbox 537 1488 652 1532; x_wconf 90' lang='lat' dir='ltr'><strong>Aen.</strong></span> <span class='ocrx_word' id='word_1_121' title='bbox 681 1490 715 1533; x_wconf 87' lang='lat'><strong>1.</strong></span> <span class='ocrx_word' id='word_1_122' title='bbox 747 1490 866 1540; x_wconf 87' lang='grc'><strong>174.)</strong></span> 
     </span>
    </p>

    <p class='ocr_par' dir='ltr' id='par_1_9' title="bbox 172 1560 1615 2655">
     <span class='ocr_line' id='line_1_20' title="bbox 303 1560 1611 1619; baseline -0.001 -14"><span class='ocrx_word' id='word_1_123' title='bbox 303 1560 374 1606; x_wconf 89' lang='lat' dir='ltr'><strong>De</strong></span> <span class='ocrx_word' id='word_1_124' title='bbox 382 1562 602 1618; x_wconf 88' lang='lat' dir='ltr'><strong>partibus,</strong></span> <span class='ocrx_word' id='word_1_125' title='bbox 632 1562 808 1619; x_wconf 90' lang='lat' dir='ltr'><strong>quasin</strong></span> <span class='ocrx_word' id='word_1_126' title='bbox 824 1561 977 1606; x_wconf 86' lang='lat' dir='ltr'><strong>fabula</strong></span> <span class='ocrx_word' id='word_1_127' title='bbox 987 1563 1233 1616; x_wconf 79' lang='lat' dir='ltr'><strong>Naeviana,</strong></span> <span class='ocrx_word' id='word_1_128' title='bbox 1262 1569 1311 1606; x_wconf 92' lang='lat' dir='ltr'><strong>ut</strong></span> <span class='ocrx_word' id='word_1_129' title='bbox 1327 1561 1417 1606; x_wconf 85' lang='lat' dir='ltr'><strong>hoc</strong></span> <span class='ocrx_word' id='word_1_130' title='bbox 1434 1575 1490 1606; x_wconf 87' lang='lat' dir='ltr'><strong>ex</strong></span> <span class='ocrx_word' id='word_1_131' title='bbox 1510 1561 1611 1605; x_wconf 91' lang='lat' dir='ltr'><strong>loco</strong></span> 
     </span>
     <span class='ocr_line' id='line_1_21' title="bbox 182 1634 1612 1692; baseline 0.001 -14"><span class='ocrx_word' id='word_1_132' title='bbox 182 1634 372 1692; x_wconf 85' lang='lat' dir='ltr'><strong>intelligi</strong></span> <span class='ocrx_word' id='word_1_133' title='bbox 400 1642 563 1691; x_wconf 86' lang='lat' dir='ltr'><strong>potest,</strong></span> <span class='ocrx_word' id='word_1_134' title='bbox 584 1635 833 1679; x_wconf 88' lang='lat' dir='ltr'><strong>Mercurius</strong></span> <span class='ocrx_word' id='word_1_135' title='bbox 853 1637 1010 1692; x_wconf 89' lang='lat' dir='ltr'><strong>egerit,</strong></span> <span class='ocrx_word' id='word_1_136' title='bbox 1038 1636 1155 1680; x_wconf 90' lang='lat' dir='ltr'><strong>haec</strong></span> <span class='ocrx_word' id='word_1_137' title='bbox 1183 1637 1367 1679; x_wconf 84' lang='lat' dir='ltr'><strong>addisse</strong></span> <span class='ocrx_word' id='word_1_138' title='bbox 1395 1635 1612 1680; x_wconf 75' lang='lat' dir='ltr'><strong>sufficiatx</strong></span> 
     </span>
     <span class='ocr_line' id='line_1_22' title="bbox 183 1708 1612 1760; baseline 0.001 -6"><span class='ocrx_word' id='word_1_139' title='bbox 183 1709 316 1760; x_wconf 83' lang='lat' dir='ltr'><strong>Quod</strong></span> <span class='ocrx_word' id='word_1_140' title='bbox 343 1709 543 1754; x_wconf 87' lang='lat' dir='ltr'><strong>Naevius</strong></span> <span class='ocrx_word' id='word_1_141' title='bbox 572 1710 616 1753; x_wconf 90' lang='lat' dir='ltr'><strong>in</strong></span> <span class='ocrx_word' id='word_1_142' title='bbox 645 1708 798 1754; x_wconf 86' lang='lat' dir='ltr'><strong>fabula</strong></span> <span class='ocrx_word' id='word_1_143' title='bbox 826 1710 1082 1754; x_wconf 83' lang='lat' dir='ltr'><strong>enarranda</strong></span> <span class='ocrx_word' id='word_1_144' title='bbox 1116 1709 1389 1756; x_wconf 85' lang='lat' dir='ltr'><strong>Mercurium</strong></span> <span class='ocrx_word' id='word_1_145' title='bbox 1424 1709 1612 1755; x_wconf 84' lang='lat' dir='ltr'><strong>Aeneae</strong></span> 
     </span>
     <span class='ocr_line' id='line_1_23' title="bbox 186 1783 1615 1842; baseline 0.001 -14"><span class='ocrx_word' id='word_1_146' title='bbox 186 1784 340 1828; x_wconf 80' lang='lat' dir='ltr'><strong>navim</strong></span> <span class='ocrx_word' id='word_1_147' title='bbox 370 1790 672 1828; x_wconf 81' lang='lat' dir='ltr'><strong>exstruentem</strong></span> <span class='ocrx_word' id='word_1_148' title='bbox 700 1783 822 1838; x_wconf 83' lang='lat' dir='ltr'><strong>fecit,</strong></span> <span class='ocrx_word' id='word_1_149' title='bbox 851 1797 944 1827; x_wconf 89' lang='lat' dir='ltr'><strong>non</strong></span> <span class='ocrx_word' id='word_1_150' title='bbox 965 1785 1063 1828; x_wconf 88' lang='lat' dir='ltr'><strong>sine</strong></span> <span class='ocrx_word' id='word_1_151' title='bbox 1078 1785 1198 1829; x_wconf 85' lang='lat' dir='ltr'><strong>iusta</strong></span> <span class='ocrx_word' id='word_1_152' title='bbox 1226 1786 1417 1842; x_wconf 84' lang='lat' dir='ltr'><strong>quadam</strong></span> <span class='ocrx_word' id='word_1_153' title='bbox 1446 1798 1615 1829; x_wconf 80' lang='lat' dir='ltr'><strong>caussa</strong></span> 
     </span>
     <span class='ocr_line' id='line_1_24' title="bbox 178 1858 1608 1918; baseline 0.001 -16"><span class='ocrx_word' id='word_1_154' title='bbox 178 1871 266 1902; x_wconf 91' lang='lat' dir='ltr'><strong>nec</strong></span> <span class='ocrx_word' id='word_1_155' title='bbox 293 1859 392 1902; x_wconf 90' lang='lat' dir='ltr'><strong>sine</strong></span> <span class='ocrx_word' id='word_1_156' title='bbox 419 1865 630 1915; x_wconf 88' lang='lat' dir='ltr'><strong>respectu</strong></span> <span class='ocrx_word' id='word_1_157' title='bbox 657 1860 704 1902; x_wconf 91' lang='lat' dir='ltr'><strong>in</strong></span> <span class='ocrx_word' id='word_1_158' title='bbox 735 1859 961 1918; x_wconf 86' lang='lat' dir='ltr'><strong>antiquam</strong></span> <span class='ocrx_word' id='word_1_159' title='bbox 978 1858 1172 1903; x_wconf 87' lang='lat' dir='ltr'><strong>fabulam</strong></span> <span class='ocrx_word' id='word_1_160' title='bbox 1183 1873 1392 1917; x_wconf 84' lang='lat' dir='ltr'><strong>graecam</strong></span> <span class='ocrx_word' id='word_1_161' title='bbox 1421 1860 1608 1916; x_wconf 88' lang='lat' dir='ltr'><strong>eiusque</strong></span> 
     </span>
     <span class='ocr_line' id='line_1_25' title="bbox 177 1932 1606 1989; baseline 0.001 -14"><span class='ocrx_word' id='word_1_162' title='bbox 177 1938 382 1976; x_wconf 84' lang='lat' dir='ltr'><strong>naturam</strong></span> <span class='ocrx_word' id='word_1_163' title='bbox 410 1933 660 1976; x_wconf 83' lang='lat' dir='ltr'><strong>instituisse</strong></span> <span class='ocrx_word' id='word_1_164' title='bbox 690 1934 877 1976; x_wconf 85' lang='lat' dir='ltr'><strong>videtur.</strong></span> <span class='ocrx_word' id='word_1_165' title='bbox 934 1933 1078 1989; x_wconf 86' lang='lat' dir='ltr'><strong>Ligna</strong></span> <span class='ocrx_word' id='word_1_166' title='bbox 1108 1934 1224 1976; x_wconf 90' lang='lat' dir='ltr'><strong>enim</strong></span> <span class='ocrx_word' id='word_1_167' title='bbox 1260 1947 1287 1975; x_wconf 90' lang='lat' dir='ltr'><strong>e</strong></span> <span class='ocrx_word' id='word_1_168' title='bbox 1317 1933 1477 1989; x_wconf 88' lang='lat' dir='ltr'><strong>quibus</strong></span> <span class='ocrx_word' id='word_1_169' title='bbox 1514 1932 1606 1976; x_wconf 87' lang='lat' dir='ltr'><strong>Ae-</strong></span> 
     </span>
     <span class='ocr_line' id='line_1_26' title="bbox 178 2006 1606 2063; baseline -0.001 -13"><span class='ocrx_word' id='word_1_170' title='bbox 178 2020 293 2051; x_wconf 88' lang='lat' dir='ltr'><strong>neae</strong></span> <span class='ocrx_word' id='word_1_171' title='bbox 321 2007 452 2050; x_wconf 86' lang='lat' dir='ltr'><strong>navis</strong></span> <span class='ocrx_word' id='word_1_172' title='bbox 482 2006 557 2055; x_wconf 81' lang='lat' dir='ltr'><strong>vel</strong></span> <span class='ocrx_word' id='word_1_173' title='bbox 585 2008 705 2061; x_wconf 84' lang='lat' dir='ltr'><strong>apud</strong></span> <span class='ocrx_word' id='word_1_174' title='bbox 732 2007 969 2063; x_wconf 85' lang='lat' dir='ltr'><strong>Virgilium</strong></span> <span class='ocrx_word' id='word_1_175' title='bbox 996 2007 1178 2049; x_wconf 88' lang='lat' dir='ltr'><strong>Aeneae</strong></span> <span class='ocrx_word' id='word_1_176' title='bbox 1208 2006 1372 2050; x_wconf 87' lang='lat' dir='ltr'><strong>classis</strong></span> <span class='ocrx_word' id='word_1_177' title='bbox 1404 2012 1501 2049; x_wconf 89' lang='lat' dir='ltr'><strong>erat</strong></span> <span class='ocrx_word' id='word_1_178' title='bbox 1529 2019 1606 2049; x_wconf 85' lang='lat' dir='ltr'><strong>ex-</strong></span> 
     </span>
     <span class='ocr_line' id='line_1_27' title="bbox 179 2078 1605 2137; baseline -0.002 -12"><span class='ocrx_word' id='word_1_179' title='bbox 179 2086 354 2136; x_wconf 86' lang='lat' dir='ltr'><strong>structr,</strong></span> <span class='ocrx_word' id='word_1_180' title='bbox 383 2093 518 2124; x_wconf 84' lang='lat' dir='ltr'><strong>sacra</strong></span> <span class='ocrx_word' id='word_1_181' title='bbox 545 2079 683 2123; x_wconf 90' lang='lat' dir='ltr'><strong>monti</strong></span> <span class='ocrx_word' id='word_1_182' title='bbox 728 2080 834 2123; x_wconf 85' lang='lat' dir='ltr'><strong>ldae</strong></span> <span class='ocrx_word' id='word_1_183' title='bbox 872 2079 1006 2136; x_wconf 86' lang='lat' dir='ltr'><strong>pinus</strong></span> <span class='ocrx_word' id='word_1_184' title='bbox 1041 2078 1192 2123; x_wconf 81' lang='lat' dir='ltr'><strong>fuere:</strong></span> <span class='ocrx_word' id='word_1_185' title='bbox 1231 2078 1456 2137; x_wconf 85' lang='lat' dir='ltr'><strong>nymphae</strong></span> <span class='ocrx_word' id='word_1_186' title='bbox 1484 2093 1605 2137; x_wconf 28' lang='lat' dir='ltr'><strong>[vero</strong></span> 
     </span>
     <span class='ocr_line' id='line_1_28' title="bbox 176 2153 1604 2214; baseline -0.001 -16"><span class='ocrx_word' id='word_1_187' title='bbox 176 2156 224 2198; x_wconf 87' lang='lat' dir='ltr'><strong>in</strong></span> <span class='ocrx_word' id='word_1_188' title='bbox 252 2156 310 2198; x_wconf 90' lang='lat' dir='ltr'><strong>iis</strong></span> <span class='ocrx_word' id='word_1_189' title='bbox 338 2155 574 2198; x_wconf 88' lang='lat' dir='ltr'><strong>arboribus</strong></span> <span class='ocrx_word' id='word_1_190' title='bbox 601 2154 739 2198; x_wconf 85' lang='lat' dir='ltr'><strong>vitam</strong></span> <span class='ocrx_word' id='word_1_191' title='bbox 767 2156 961 2210; x_wconf 84' lang='lat' dir='ltr'><strong>agebant</strong></span> <span class='ocrx_word' id='word_1_192' title='bbox 989 2153 1070 2207; x_wconf 82' lang='lat' dir='ltr'><strong>(cf.</strong></span> <span class='ocrx_word' id='word_1_193' title='bbox 1098 2153 1256 2214; x_wconf 71' lang='lat' dir='ltr'><strong>Hymn.</strong></span> <span class='ocrx_word' id='word_1_194' title='bbox 1293 2155 1340 2196; x_wconf 89' lang='lat' dir='ltr'><strong>in</strong></span> <span class='ocrx_word' id='word_1_195' title='bbox 1367 2153 1604 2209; x_wconf 80' lang='lat' dir='ltr'><strong>Aphmd.),</strong></span> 
     </span>
     <span class='ocr_line' id='line_1_29' title="bbox 175 2226 1604 2285; baseline -0.001 -14"><span class='ocrx_word' id='word_1_196' title='bbox 175 2241 362 2285; x_wconf 84' lang='lat' dir='ltr'><strong>quarum</strong></span> <span class='ocrx_word' id='word_1_197' title='bbox 392 2227 534 2281; x_wconf 79' lang='lat' dir='ltr'><strong>Sileni</strong></span> <span class='ocrx_word' id='word_1_198' title='bbox 564 2234 609 2271; x_wconf 90' lang='lat' dir='ltr'><strong>et</strong></span> <span class='ocrx_word' id='word_1_199' title='bbox 636 2227 883 2271; x_wconf 88' lang='lat' dir='ltr'><strong>Mercurius</strong></span> <span class='ocrx_word' id='word_1_200' title='bbox 911 2239 1090 2278; x_wconf 87' lang='lat' dir='ltr'><strong>amores</strong></span> <span class='ocrx_word' id='word_1_201' title='bbox 1129 2227 1374 2271; x_wconf 84' lang='lat' dir='ltr'><strong>sectabant.</strong></span> <span class='ocrx_word' id='word_1_202' title='bbox 1433 2226 1485 2271; x_wconf 85' lang='lat' dir='ltr'><strong>Si</strong></span> <span class='ocrx_word' id='word_1_203' title='bbox 1520 2227 1604 2284; x_wconf 89' lang='lat' dir='ltr'><strong>igi-</strong></span> 
     </span>
     <span class='ocr_line' id='line_1_30' title="bbox 174 2300 1605 2361; baseline 0 -17"><span class='ocrx_word' id='word_1_204' title='bbox 174 2307 248 2344; x_wconf 86' lang='lat' dir='ltr'><strong>tur</strong></span> <span class='ocrx_word' id='word_1_205' title='bbox 275 2314 332 2344; x_wconf 85' lang='lat' dir='ltr'><strong>ex</strong></span> <span class='ocrx_word' id='word_1_206' title='bbox 360 2300 433 2343; x_wconf 90' lang='lat' dir='ltr'><strong>his</strong></span> <span class='ocrx_word' id='word_1_207' title='bbox 463 2301 699 2344; x_wconf 88' lang='lat' dir='ltr'><strong>arboribus</strong></span> <span class='ocrx_word' id='word_1_208' title='bbox 727 2314 870 2345; x_wconf 83' lang='lat' dir='ltr'><strong>naves</strong></span> <span class='ocrx_word' id='word_1_209' title='bbox 909 2306 1163 2361; x_wconf 68' lang='lat' dir='ltr'><strong>exstructae</strong></span> <span class='ocrx_word' id='word_1_210' title='bbox 1202 2307 1341 2355; x_wconf 87' lang='lat' dir='ltr'><strong>erant,</strong></span> <span class='ocrx_word' id='word_1_211' title='bbox 1380 2302 1605 2345; x_wconf 85' lang='lat' dir='ltr'><strong>sententia</strong></span> 
     </span>
     <span class='ocr_line' id='line_1_31' title="bbox 175 2372 1601 2435; baseline -0.001 -17"><span class='ocrx_word' id='word_1_212' title='bbox 175 2387 234 2418; x_wconf 88' lang='lat' dir='ltr'><strong>ea</strong></span> <span class='ocrx_word' id='word_1_213' title='bbox 259 2372 496 2429; x_wconf 88' lang='lat' dir='ltr'><strong>aptissima</strong></span> <span class='ocrx_word' id='word_1_214' title='bbox 526 2380 573 2417; x_wconf 90' lang='lat' dir='ltr'><strong>et</strong></span> <span class='ocrx_word' id='word_1_215' title='bbox 599 2374 658 2418; x_wconf 84' lang='lat' dir='ltr'><strong>ad</strong></span> <span class='ocrx_word' id='word_1_216' title='bbox 685 2388 845 2417; x_wconf 89' lang='lat' dir='ltr'><strong>manus</strong></span> <span class='ocrx_word' id='word_1_217' title='bbox 874 2376 1087 2435; x_wconf 82' lang='lat' dir='ltr'><strong>prompta</strong></span> <span class='ocrx_word' id='word_1_218' title='bbox 1103 2372 1211 2417; x_wconf 85' lang='lat' dir='ltr'><strong>fuit:</strong></span> <span class='ocrx_word' id='word_1_219' title='bbox 1239 2387 1333 2418; x_wconf 89' lang='lat' dir='ltr'><strong>non</strong></span> <span class='ocrx_word' id='word_1_220' title='bbox 1361 2373 1508 2418; x_wconf 87' lang='lat' dir='ltr'><strong>solum</strong></span> <span class='ocrx_word' id='word_1_221' title='bbox 1535 2374 1601 2416; x_wconf 88' lang='lat' dir='ltr'><strong>in·</strong></span> 
     </span>
     <span class='ocr_line' id='line_1_32' title="bbox 173 2444 1602 2503; baseline 0 -12"><span class='ocrx_word' id='word_1_222' title='bbox 173 2444 413 2491; x_wconf 83' lang='lat' dir='ltr'><strong>violabiles</strong></span> <span class='ocrx_word' id='word_1_223' title='bbox 442 2452 577 2503; x_wconf 88' lang='lat' dir='ltr'><strong>atque</strong></span> <span class='ocrx_word' id='word_1_224' title='bbox 606 2453 817 2492; x_wconf 89' lang='lat' dir='ltr'><strong>aeternas</strong></span> <span class='ocrx_word' id='word_1_225' title='bbox 834 2446 920 2493; x_wconf 84' lang='lat' dir='ltr'><strong>has</strong></span> <span class='ocrx_word' id='word_1_226' title='bbox 934 2445 1077 2491; x_wconf 84' lang='lat' dir='ltr'><strong>fuisse</strong></span> <span class='ocrx_word' id='word_1_227' title='bbox 1096 2459 1256 2501; x_wconf 83' lang='lat' dir='ltr'><strong>naves,</strong></span> <span class='ocrx_word' id='word_1_228' title='bbox 1285 2460 1438 2491; x_wconf 87' lang='lat' dir='ltr'><strong>verum</strong></span> <span class='ocrx_word' id='word_1_229' title='bbox 1467 2446 1602 2491; x_wconf 89' lang='lat' dir='ltr'><strong>etiam</strong></span> 
     </span>
     <span class='ocr_line' id='line_1_33' title="bbox 172 2519 1602 2577; baseline -0.002 -10"><span class='ocrx_word' id='word_1_230' title='bbox 172 2520 443 2567; x_wconf 87' lang='lat' dir='ltr'><strong>Mercurium</strong></span> <span class='ocrx_word' id='word_1_231' title='bbox 479 2534 561 2565; x_wconf 89' lang='lat' dir='ltr'><strong>eas</strong></span> <span class='ocrx_word' id='word_1_232' title='bbox 600 2521 892 2574; x_wconf 84' lang='lat' dir='ltr'><strong>aedificasse,</strong></span> <span class='ocrx_word' id='word_1_233' title='bbox 932 2528 977 2565; x_wconf 88' lang='lat' dir='ltr'><strong>et</strong></span> <span class='ocrx_word' id='word_1_234' title='bbox 1011 2520 1157 2565; x_wconf 86' lang='lat' dir='ltr'><strong>fauste</strong></span> <span class='ocrx_word' id='word_1_235' title='bbox 1195 2535 1251 2566; x_wconf 89' lang='lat' dir='ltr'><strong>ac</strong></span> <span class='ocrx_word' id='word_1_236' title='bbox 1283 2519 1471 2566; x_wconf 82' lang='lat' dir='ltr'><strong>feliciter</strong></span> <span class='ocrx_word' id='word_1_237' title='bbox 1517 2534 1602 2577; x_wconf 90' lang='lat' dir='ltr'><strong>per</strong></span> 
     </span>
     <span class='ocr_line' id='line_1_34' title="bbox 172 2594 1599 2655; baseline -0.001 -14"><span class='ocrx_word' id='word_1_238' title='bbox 172 2607 296 2641; x_wconf 89' lang='lat' dir='ltr'><strong>mare</strong></span> <span class='ocrx_word' id='word_1_239' title='bbox 323 2595 522 2640; x_wconf 82' lang='lat' dir='ltr'><strong>duxisse.</strong></span> <span class='ocrx_word' id='word_1_240' title='bbox 580 2595 648 2640; x_wconf 82' lang='lat' dir='ltr'><strong>Ex</strong></span> <span class='ocrx_word' id='word_1_241' title='bbox 687 2597 845 2642; x_wconf 85' lang='lat' dir='ltr'><strong>eadem</strong></span> <span class='ocrx_word' id='word_1_242' title='bbox 881 2594 1029 2640; x_wconf 82' lang='lat' dir='ltr'><strong>fabula</strong></span> <span class='ocrx_word' id='word_1_243' title='bbox 1067 2601 1112 2639; x_wconf 90' lang='lat' dir='ltr'><strong>et</strong></span> <span class='ocrx_word' id='word_1_244' title='bbox 1148 2594 1370 2654; x_wconf 84' lang='lat' dir='ltr'><strong>cogitandi</strong></span> <span class='ocrx_word' id='word_1_245' title='bbox 1408 2597 1599 2655; x_wconf 82' lang='lat' dir='ltr'><strong>ratione,</strong></span> 
     </span>
    </p>
   </div>
  </div>
 </body>
</html>
