1814 2767
1222 68 1249 90 ..

189 128 247 182 942
291 118 306 129 ‘

191 252 446 298 distinctum
474 259 522 298 et
547 254 804 305 continente
832 255 1076 314 scriptura,
1106 256 1229 301 slent
1257 269 1365 309 mos
1399 265 1499 319 erat
1524 258 1623 304 Ro

189 339 440 383 manorum,
469 329 744 385 expositum·
740 327 893 374 Caius
932 330 1175 394 Octavius
1180 316 1458 387 hupedio,
1472 329 1626 384 libe·-

189 400 312 446 tinus
351 400 582 470 (ἧιφιιε,
611 402 658 445 in
696 409 876 459 septem
912 404 1056 449 libros
1085 403 1240 452 divisit
1268 411 1387 450 teste
1416 405 1542 451 Suet.
1569 406 1628 449 de

189 473 608 532 ill.gramm.c.2.
668 476 856 526 Quare
892 477 1219 560 LLenQus
1255 475 1441 524 in1.1.'
1465 491 1627 524 versus

149 572 152 574 ·
188 549 349 593 Naevii
377 550 436 593 ab
465 548 654 593 Octavio
682 551 829 606 primo
859 544 1096 598 diffamatos
1134 559 1181 597 et
1206 553 1381 598 divisos
1410 567 1518 598 esse
1543 566 1624 609 pu·

187 629 267 676 tat,
296 623 359 665 ita
385 630 437 666 ut
463 637 675 668 versuum
704 624 866 680 forma,
896 639 1031 682 quam
1058 628 1336 684 posteriores
1351 626 1627 691 grammatici

187 696 493 754 exhibuerint,
530 712 622 755 non
658 699 853 756 genuina
889 700 1077 754 Naevii,
1096 702 1182 745 sed
1220 700 1398 746 Octavii
1440 699 1624 745 arbitrio

188 772 431 816 constituta
461 772 534 815 sit.
583 774 754 816 Verum
783 773 902 817 enim
930 787 1040 818 vero
1070 775 1119 817 in
1147 774 1233 817 hac
1262 788 1313 818 re
1342 775 1626 818 diiudicanda

186 846 246 889 ad
269 858 382 889 eam
420 845 723 891 Romanorum
773 848 1001 893 scribendi
1036 849 1253 892 rationem
1290 848 1623 904 respiciendum

185 920 294 963 mihi
323 921 515 975 videtur,
546 936 636 978 qua
672 936 765 965 non
802 922 993 979 singulis
1031 923 1165 966 lineis
1201 922 1405 979 singulos
1445 935 1623 978 quoque

185 1007 349 1038 versus
377 995 571 1050 finirent,
602 997 685 1040 sed
713 1002 765 1052 ut
788 995 953 1040 factum
982 997 1322 1041 observavimus
1361 997 1408 1039 in
1446 996 1621 1052 Scipio-

185 1081 292 1112 num
322 1070 615 1113 monumentis
645 1069 896 1112 versiculos
924 1068 1058 1112 lineis
1088 1070 1367 1125 interpositis
1377 1070 1620 1126 distingue-

184 1148 297 1185 rent.
355 1142 542 1186 Praeter
568 1142 919 1198 Lampadionem
947 1143 1167 1186 Naevium
1195 1144 1482 1187 commentati
1517 1149 1623 1186 sunt

167 1214 423 1259 <Cornelius
461 1222 507 1260 et
552 1217 794 1272 Virgilius,
843 1218 1119 1272 grammatici
1156 1223 1360 1269 veteres,
1412 1217 1487 1272 qui
1516 1223 1620 1260 ante

183 1289 285 1333 Ter.
314 1290 568 1334 Varronem
595 1291 815 1334 vixerunt.
860 1289 918 1334 cf.
947 1291 1093 1334 Varro
1124 1292 1181 1334 de
1209 1290 1240 1334 l.
1269 1290 1300 1334 l.
1332 1290 1430 1334 Vll.
1459 1305 1503 1346 p.
1533 1291 1621 1334 325

183 1364 265 1419 Sp.
297 1364 384 1413 Qui
412 1364 576 1410 tuerint
604 1364 841 1410 Cornelius
872 1371 918 1408 ct
954 1364 1190 1421 Virgilius,
1220 1364 1512 1420 grammatici,
1540 1377 1617 1407 ne-

183 1438 369 1481 scimus.
396 1437 457 1481 cf.
486 1438 658 1495 Meyer.
686 1437 1038 1483 in»Zeitschrift
1063 1437 1136 1481 fiir
1153 1437 1617 1482 Alterthumswissen·

183 1509 344 1555 schast.
375 1511 492 1557 1836
517 1526 563 1566 p.
583 1512 680 1565 *367
708 1525 777 1567 sq.

296 1584 506 1628 Attamen
528 1584 774 1641 Spengelio
794 1598 886 1628 non
905 1585 1153 1638 consentio,
1183 1584 1259 1640 qui
1278 1583 1397 1626 hanc
1405 1584 1465 1626 ob
1484 1596 1616 1627 caus·

180 1671 295 1709 sam,
338 1671 422 1713 pro
460 1657 755 1701 »Cornelius«
794 1671 959 1701 nomeu
999 1657 1275 1714 grammatici
1312 1657 1457 1713 magis
1498 1657 1617 1700 noti:

183 1730 260 1776 »0.
290 1731 456 1783 Aelim
486 1732 778 1775 substituerit.
829 1732 943 1775 Nam
971 1745 1063 1774 non
1094 1731 1240 1775 solum
1267 1730 1357 1775 hoc
1384 1730 1505 1783 loco,
1535 1732 1617 1774 sed

180 1805 315 1848 etiam
344 1805 520 1847 duobus
550 1805 653 1847 aliis
682 1807 728 1847 in
757 1805 874 1848 locis
902 1820 948 1860 p.
980 1805 1065 1848 148
1094 1811 1139 1847 et
1167 1820 1211 1859 p.
1244 1806 1329 1848 150
1368 1804 1446 1859 Sp.
1481 1805 1614 1847 codd.

180 1878 359 1934 optimi,
397 1878 594 1921 Florent.
633 1879 777 1922 Havn.
819 1885 863 1922 et
900 1879 1043 1921 Paris.
1083 1892 1112 1920 a
1140 1885 1184 1921 et
1211 1880 1254 1921 b.
1314 1878 1510 1920 Cornelii
1539 1884 1617 1921 aut

178 1951 376 1994 Cornelii
405 1965 570 1994 nomen
600 1953 832 2008 praebent,
864 1965 1001 2008 quare
1031 1965 1129 1994 cum
1161 1951 1277 1993 C.O.
1306 1950 1497 1993 Miillero
1525 1951 1615 1995 hoc

178 2026 224 2068 in
253 2026 475 2068 Varronis
505 2026 665 2069 librum
694 2027 1003 2081 recipiendum
1033 2039 1138 2068 esse
1169 2025 1373 2068 arbitror.

294 2098 526 2142 Ciceronis
583 2104 732 2143 aetate
792 2101 910 2142 inter
958 2102 1157 2142 carmina
1192 2097 1338 2155 magis
1376 2104 1613 2150 vetustate,

177 2187 311 2229 quam
338 2180 436 2217 arte
464 2173 662 2228 insignia
688 2173 878 2216 relatum
909 2187 1014 2216 esse
1044 2174 1244 2224 videtur,
1274 2186 1376 2214 nam
1415 2172 1462 2212 in
1489 2171 1612 2213 Brut.

179 2246 248 2291 19.
277 2247 323 2289 id
351 2261 443 2289 non
472 2246 611 2302 polite
641 2247 833 2304 quidem,
865 2247 947 2288 sed
976 2253 1126 2289 tamen
1146 2245 1368 2288 luculente
1399 2244 1613 2300 scriptum

177 2335 301 2373 esse,
332 2328 376 2363 et
405 2323 536 2377 quasi
564 2322 770 2377 Myronis
801 2334 917 2376 opus
947 2320 1171 2364 delectare
1203 2320 1326 2362 dixit.
1349 2342 1398 2350 --
1419 2319 1611 2375 Augusti

176 2408 286 2439 vero
316 2402 464 2440 aetate
494 2396 550 2439 ab
580 2395 653 2449 iis,
685 2396 760 2452 qui
791 2394 1099 2439 sicutAsinius
1117 2393 1263 2438 Pollio
1295 2407 1457 2450 magno
1488 2407 1608 2437 amo-

177 2483 226 2513 re
256 2470 486 2527 antiquam
513 2469 814 2515 Romanorum
843 2469 1019 2525 poesim
1049 2469 1443 2525 amplectebantur,
1474 2467 1610 2511 multo

179 2545 341 2588 acriori
378 2545 526 2589 studio
567 2552 802 2590 tractatum
842 2559 946 2588 esse
997 2543 1168 2589 Horatii
1219 2545 1356 2588 verba
1406 2543 1608 2596 compro—

178 2619 306 2661 bant:
