1814 2767
186 105 258 156 240
309 115 312 118 ’

201 213 333 260 clico.
355 211 650 291 Graecei-rim
670 215 863 274 quodam
897 214 1115 262 carmine
1133 217 1180 267 in
1216 217 1418 276 linguam
1453 208 1636 270 latinam

200 289 465 356 wanningum
473 305 602 340 „asse
633 290 810 334 coniici
835 290 958 336 licet.
1003 315 1051 323 —
1092 291 1364 349 Fragmenta
1398 282 1493 340 v‘id.
1504 298 1636 352 apud

200 362 353 410 Herm.
372 364 528 431 elem..
541 363 586 422 p.
615 363 715 411 639
745 372 792 409 et
820 363 872 410 Ο.
904 366 970 412 Ο.
987 364 1112 411 Miill.
1140 366 1193 410 in
1217 367 1395 414 adnuet.
1423 371 1499 459 ad
1511 371 1641 414 Fest.

202 454 246 494 p.
275 440 378 482 314.
407 460 464 471 -·
514 462 517 466 -
1090 480 1095 485 .

316 513 597 558 Simillimum
625 513 730 558 huic
759 515 1113 573 carmini-atque
1142 501 1499 573 antiquissimum
1508 518 1633 561 Pria-

200 587 260 630 mi
303 599 484 630 carmen
515 575 720 640 videtur,
758 588 889 631 cuius
928 588 1076 631 Varro
1103 588 1239 639 del.
1279 588 1310 632 l.
1348 603 1392 646 ιι.
1431 591 1519 642 314
1548 591 1635 648 *Sp-

145 698 151 709 .,
200 659 320 704 hunc
348 675 530 704 versum
557 663 766 717 praebet:

339 734 560 778 „Veteres
591 721 839 778 casmenas
871 734 1032 780 cascas
1080 735 1100 789 ΙΙ
1147 736 1223 780 res
1253 736 1358 780 volo
1387 737 1609 793 profarier

336 808 391 850 Et
419 808 656 851 Priamum.
661 822 684 842 α

312 881 424 924 Attii
453 878 564 926 vero
594 896 773 936 nomen,
804 883 876 926 cui
887 882 1037 927 multis
1066 883 1194 927 libris
1223 883 1354 928 editis
1373 882 1445 926 hic
1473 896 1635 928 versus

198 954 426 1007 tribuitur,
467 969 495 997 a
533 963 790 999 correctore
830 957 1045 1012 quodam,
1083 963 1132 999 ut
1171 955 1435 1013 saepissime
1471 955 1636 1001 factum

200 1036 287 1083 est,
316 1030 364 1073 in
393 1029 482 1074 hoc
513 1031 723 1074 Varroris
753 1030 856 1073 loco
886 1030 1203 1085 interpolatum
1233 1018 1327 1076 estt
1364 1045 1469 1075 nam
1506 1032 1636 1076 codd.

199 1104 371 1159 optimi,
401 1104 542 1148 Havn.
571 1104 769 1147 Florent.
801 1104 983 1159 Sciopp.
1013 1104 1074 1147 id.
1106 1105 1362 1163 omiserant.
1422 1106 1553 1155 Quod
1581 1105 1636 1148 H.

198 1177 455 1221 Diintzerus
494 1178 541 1223 in
577 1178 690 1222 libro
732 1178 788 1221 de
823 1191 984 1231 versu,
1023 1191 1155 1236 quem
1191 1187 1377 1234 vocant,
1409 1179 1635 1232 Saturnio,

198 1267 242 1307 p.
271 1252 346 1298 59.
377 1253 636 1307 suspicatus
668 1261 751 1304 est,
782 1253 902 1295 hunc
940 1267 1121 1295 versum
1150 1254 1323 1297 Naevio
1364 1268 1470 1297 esse
1499 1255 1634 1311 trilin-

199 1327 405 1385 endum,
426 1333 471 1370 et
506 1326 727 1370 Varronis
765 1326 914 1371 locum
954 1334 1209 1382 corruptum
1249 1327 1318 1371 sic
1355 1341 1461 1370 esse
1504 1328 1634 1370 resti-

199 1401 437 1442 tuendum:
468 1415 575 1455 pro:
609 1401 689 1442 „in
721 1414 884 1442 carm.
913 1400 1121 1442 Priami
1151 1401 1295 1456 apud
1324 1400 1636 1443 Attiumoe—

201 1473 275 1517 „in
305 1474 503 1518 carmine
535 1474 639 1517 belli
670 1475 848 1530 poenici
879 1475 998 1528 apud
1025 1475 1284 1525 Naeviumf‘
1316 1487 1372 1516 ea
1400 1488 1457 1516 ex
1496 1487 1636 1517 causa

197 1561 290 1591 non
318 1560 506 1603 possum
537 1549 847 1603 comprobare,
881 1549 1000 1604 quod
1028 1547 1185 1590 Naevii
1217 1560 1398 1590 carmen
1428 1548 1484 1590 de
1513 1547 1633 1590 bello

198 1625 364 1677 punico
404 1635 432 1663 a
469 1621 592 1664 nullo
642 1622 863 1676 scriptore
909 1635 1087 1664 carmen
1136 1621 1417 1672 nominatur,
1464 1616 1548 1663 sed
1596 1622 1636 1663 si

197 1694 493 1752 fragmentum
534 1695 756 1753 quoddam
796 1695 977 1747 addunt,
1017 1695 1165 1738 dicere
1215 1694 1363 1738 solent
1407 1695 1477 1738 sic
1517 1693 1635 1738 fere:

198 1770 399 1812 Naevius
436 1770 483 1810 in
534 1769 652 1811 bello
698 1769 886 1823 punico,
927 1775 1002 1810 aut
1030 1769 1229 1810 Naevius
1259 1769 1305 1810 in
1343 1768 1449 1812 belli
1486 1769 1636 1823 punici

198 1843 297 1885 libr.
321 1835 361 1884 Ἰ.
393 1841 490 1885 Huc
520 1844 713 1895 accedit,
750 1843 868 1898 quod
913 1843 1043 1885 codd.
1074 1843 1227 1896 optimi
1255 1842 1373 1885 hanc
1400 1843 1635 1885 lectionem

197 1918 436 1972 praebent:
470 1917 546 1958 „ln
558 1918 753 1960 carmine
766 1916 970 1958 Priami
1002 1923 1046 1958 et
1068 1915 1442 1959 Anu—Tertium
1457 1929 1636 1960 carmen

199 1992 388 2047 epicum,
422 2006 446 2033 e
478 1991 655 2034 Graeca
684 1991 837 2047 lingua
866 1990 1142 2042 translatum,
1188 1990 1270 2033 fuit
1306 1990 1421 2032 Livii
1462 1990 1634 2033 Andro-

199 2066 287 2108 nici
321 2066 553 2122 Odyssea,
594 2066 647 2107 de
689 2080 803 2121 quo,
842 2079 975 2121 quum
1006 2065 1092 2107 iam
1123 2064 1228 2107 alibi
1260 2065 1358 2108 eius
1387 2063 1637 2120 fragmenta

198 2139 389 2183 collecta
428 2146 561 2196 atque
600 2138 822 2182 illustrata
870 2139 1101 2191 invenies,
1153 2138 1416 2182 Ciceronem
1467 2137 1635 2180 Statuis

197 2214 388 2257 Daedali
428 2213 570 2256 fuisse
613 2212 880 2257 simillimum
931 2213 1101 2255 dixisse
1139 2213 1226 2255 hoc
1271 2212 1374 2255 loco
1406 2211 1634 2255 addidisse

198 2287 405 2332 sufficiat.

883 2408 957 2450 ΙΙΙ.

312 2512 454 2555 Vides
485 2512 635 2567 igitur,
667 2512 887 2554 neminem
916 2524 1060 2567 usque
1093 2511 1148 2552 ad
1178 2512 1223 2553 id
1252 2518 1426 2566 tempus
1457 2524 1533 2553 res
1562 2522 1636 2551 ro-

196 2598 352 2631 manas
392 2593 435 2628 et
474 2586 721 2629 domestica
761 2593 1022 2642 argumenta
1064 2592 1254 2629 tractare
1306 2598 1462 2629 ausum
1515 2596 1633 2635 esse,
