1814 2767
0 0 36 100 ei}
61 22 63 24 ’

31 108 35 173 1
778 164 781 165 f
1540 112 1618 154 τ--ττι

156 247 161 252 .
190 222 615 269 liuius-adumbrant
651 223 883 281 ingenium
917 223 1176 280 aptissime,
1217 223 1300 268 sed
1329 224 1463 269 etiam
1496 224 1619 270 Pris-

189 289 349 345 cianus
388 297 488 345 sere
515 299 680 354 omnia,
710 309 828 357 quae
852 296 1029 356 profert
1053 296 1318 357 fragmenta,
1347 312 1375 344 e
1401 299 1545 357 primo
1573 307 1621 346 et

189 375 392 436 seeundo
420 375 535 420 libro
564 374 770 431 sumpsit.

723 448 934 517 Fragm.
965 448 1086 493 XVI.

462 524 650 583 Jamque
1166 564 1170 567 Δ

325 596 442 651 Eius,
463 597 658 643 mentem
685 598 865 642 fortiina
883 598 903 653 ΙΙ
921 597 1093 642 fecerat
1121 599 1324 657 quietem.

193 672 273 728 (of.
301 673 444 719 Prisc.
472 672 572 718 Vll.
600 673 723 728 703.)
752 673 947 718 Versum
975 672 1124 718 Herm.
1158 688 1203 729 p.
1232 673 1321 718 636
1330 673 1460 718 aliter
1487 679 1621 732 atque

193 761 276 805 ego
306 748 513 792 restituit.
546 748 940 805 spangenbergius
979 749 1038 791 ad
1074 747 1174 792 libr.
1211 744 1291 791 lv.
1330 747 1447 793 haee
1483 749 1623 793 verba

192 821 352 877 retulit,
381 824 439 865 ad
467 821 689 879 Regulum
718 835 774 864 ea
803 828 1010 876 spectare
1040 823 1253 878 opinans3
1282 836 1438 867 verum
1466 822 1621 880 optimi

193 896 321 940 codd.
351 910 407 940 ea
437 911 493 940 ex
521 896 635 939 libro
665 895 718 939 11.
749 895 926 950 prolata
955 909 1061 939 esse
1089 887 1407 952 comprobant.¹

716 968 924 1026 Fragm.
953 967 1097 1014 XVII.

305 1044 488 1088 Aeneas
517 1043 778 1087 adhortatur
806 1043 956 1086 socios
988 1043 1159 1087 eisdem
1186 1042 1283 1087 fere
1312 1044 1485 1099 verbis,
1525 1043 1619 1102 qui-

191 1119 521 1177 bustirgilius
551 1119 584 1162 I.
614 1119 698 1163 202
727 1132 839 1161 usus
870 1124 963 1161 est:

324 1195 398 1247 „0
429 1194 543 1237 socii
571 1207 717 1250 neque
748 1193 865 1236 enim
894 1192 1039 1248 ignari
1069 1205 1223 1236 sumus
1253 1200 1357 1236 aute
1385 1192 1603 1237 malorum

328 1269 367 1311 Ο
397 1268 522 1324 passi
552 1268 762 1324 graviora
791 1268 913 1310 dabit
943 1268 1054 1310 deus
1084 1267 1156 1310 his
1188 1281 1366 1324 quoque
1394 1268 1571 1312 finem.“

307 1341 436 1385 Serv.
466 1342 525 1383 ad
554 1342 681 1397 Virg.
710 1340 825 1384 Aen.
855 1340 890 1384 Ι.
919 1340 1005 1384 202
1034 1341 1228 1384 notavit:
1267 1341 1410 1384 Totus
1453 1341 1528 1387 hic
1554 1341 1620 1385 lo·

195 1429 276 1460 cus
306 1416 362 1459 de
390 1415 562 1458 Naevio
591 1414 699 1459 belli
727 1415 876 1471 punici
904 1413 1005 1459 libr.
1036 1415 1100 1470 (1)
1129 1414 1376 1460 translatus
1406 1423 1489 1461 est.

707 1490 918 1547 Fragm.
947 1491 1108 1533 XVIII.

308 1562 595 1608 Dido-Anna.

193 1637 273 1694 (ef.
304 1632 431 1681 Serv.
461 1639 519 1680 ad
547 1637 661 1681 Aen.
691 1637 768 1681 IV.
798 1638 840 1681 9.
870 1637 958 1681 hoo
986 1636 1150 1682 refert:
1179 1637 1450 1695 (Agenoris)
1494 1639 1622 1684 cuius

192 1712 313 1756 filiae
341 1711 505 1755 fuerint
532 1712 665 1755 Anna
695 1719 739 1755 et
766 1711 884 1755 Dido
913 1712 1114 1755 Naevius
1145 1712 1268 1756 dixit.

306 1786 378 1829 De
406 1786 585 1829 Didone
612 1793 660 1828 -et
688 1785 836 1839 Anna,
866 1799 1107 1842 earumque
1136 1787 1255 1841 apud
1273 1786 1491 1829 Naevium
1519 1798 1622 1842 par—

192 1860 311 1903 tibus
350 1859 426 1913 cf„
467 1874 583 1917 quae
621 1874 760 1915 supra
797 1860 1019 1903 adnotavi.
1059 1882 1116 1890 —
1144 1860 1258 1903 Puto
1288 1860 1376 1903 hoo
1404 1860 1506 1903 loco
1537 1860 1618 1903 lib—

192 1948 290 1978 rum
319 1935 565 1978 secuudum
592 1934 763 1977 initium
792 1934 985 1989 cepisse.

730 2007 941 2062 Fragm.
974 2007 1094 2050 XIX.

328 2080 501 2124 Blande
531 2081 576 2123 et
605 2080 736 2123 docte
765 2080 998 2136 percontat
1016 2078 1036 2133 ll
1054 2080 1237 2124 Aeneas
1268 2094 1355 2138 quo
1384 2080 1517 2137 pacto

332 2155 512 2198 Troiam
540 2155 693 2197 urbem
722 2152 914 2211 liquerit.

195 2229 274 2282 (cf.
303 2230 420 2273 Non.
451 2243 488 2272 s.
518 2242 560 2271 v.
588 2228 768 2286 liquerit
797 2236 842 2273 et
877 2235 1110 2285 percontat
1144 2243 1191 2285 Ρ.
1225 2228 1310 2273 375
1354 2235 1400 2273 et
1435 2229 1525 2274 474
1553 2230 1624 2273 ed.

194 2303 355 2357 Mero.)
395 2303 585 2345 Variant
621 2303 841 2363 lectiones
876 2302 1078 2346 nonnihil
1122 2304 1242 2359 apud
1283 2303 1493 2357 Nonium,
1542 2304 1625 2346 sed

193 2390 347 2421 veram
374 2376 611 2421 lectionem
640 2377 728 2420 iam
758 2378 920 2422 dudum
948 2378 1238 2421 restituerunt
1264 2379 1350 2422 viri
1388 2378 1507 2422 docti
1546 2376 1625 2429 (ef.

193 2449 380 2495 Merula.
409 2464 454 2506 p.
483 2450 553 2494 51.
585 2450 684 2495 115.
715 2451 839 2496 Carr.
868 2451 1018 2508 Antiq.
1054 2450 1157 2495 lect.
1187 2452 1262 2496 111.
1301 2451 1369 2496 10.
1410 2451 1459 2494 in
1498 2449 1626 2502 (ἐι-ιιι.

194 2524 296 2570 face
323 2524 419 2569 orit.
448 2525 523 2568 111.
553 2539 597 2580 p.
627 2525 696 2570 74.
727 2525 878 2570 Herm.
918 2525 1046 2569 elem.
1082 2524 1183 2570 631.
1222 2526 1389 2582 Spang.
1426 2538 1473 2581 p.
1504 2523 1625 2579 193.)

197 2599 433 2644 Claussen‘.
463 2599 561 2642 libr.
590 2599 621 2642 l.
651 2600 684 2642 I.
714 2614 758 2655 p.
786 2600 888 2644 515.
917 2600 1002 2643 hoc
1030 2598 1324 2657 fragmentum
1354 2599 1411 2643 ad
1422 2599 1628 2643 Latinum
