1814 2767
86 185 91 214 l

82 217 88 248 ἓ

80 258 83 271 ί

69 340 72 357 ι’

65 366 67 377 ι

1603 162 1631 205 7

201 282 245 330 p.
275 278 333 327 εξ.
343 271 368 329 )
407 281 592 319 versum
614 273 861 332 quendam,
899 274 977 331 qul
1003 273 1127 319 nullo
1156 273 1248 318 alio
1267 274 1314 318 in
1331 272 1447 320 libro
1466 279 1627 330 exstat,

201 349 421 407 quemque
446 349 516 393 vir
543 341 823 396 elarissImus
851 347 1024 394 Naevio
1052 332 1333 395 tribuendum
1361 362 1468 395 esse
1484 357 1626 407 putat,

198 421 328 466 hisco
362 422 538 468 verbis.
584 413 713 466 „Gn-
734 413 889 480 Sanga
924 421 1039 467 libro
1078 422 1156 467 IV.
1202 423 1260 466 de
1296 421 1417 467 bello
1460 426 1626 479 punico

198 494 368 551 primo·
412 515 466 539 η»
476 486 763 551 Inhospitalis
801 495 1011 541 victrices
1050 496 1263 542 absorbet
1296 498 1417 541 unda
1453 495 1629 542 Latium

200 567 402 625 legiones
428 569 670 614 homonum
678 580 746 614 ⁶<oe
805 568 936 619 Quod
963 569 1255 628 fragmentum
1282 569 1458 615 Merula
1485 571 1628 622 tribus

200 646 446 688 commotus
475 643 655 689 caussis
683 642 858 688 Naevio
876 643 1205 698 vindicandum,
1235 644 1366 702 eique
1394 644 1499 689 ideo
1520 659 1626 707 cog-

200 730 364 761 nomen
393 717 571 775 Sangae
598 718 878 762 tribuendum
906 732 1014 763 esse
1042 718 1283 762 arbitratus
1312 724 1407 762 est=
1444 718 1478 762 1.
1508 719 1629 776 quod

200 799 421 847 veterum,
452 792 529 850 qui
561 793 738 849 quidem
765 794 882 847 noti,
910 807 1042 838 nemo
1068 793 1302 851 scripserit
1321 791 1515 838 carmine
1531 791 1627 838 bel·

200 867 290 910 lum
316 871 524 922 punicum
551 867 763 922 primum3
801 867 855 911 11.
885 868 1005 925 quod
1033 882 1194 913 versus
1223 867 1300 912 ille
1327 881 1421 912 non
1449 866 1626 929 alienus

200 954 229 983 a
265 940 449 997 reliquis
477 941 746 993 Naevianis3
772 930 855 986 ΠΙ.
885 943 1004 999 quod
1047 941 1145 987 eius
1183 944 1462 999 cognominis
1501 942 1623 987 haud

200 1014 362 1057 dubiae
398 1021 532 1059 notae
569 1022 797 1059 exstarent
834 1017 952 1072 apud
988 1017 1183 1060 Nonium
1219 1016 1479 1060 Marcellum
1515 1029 1555 1060 s.
1582 1029 1626 1060 v.

197 1085 465 1145 Fulgurivit,
494 1104 582 1147 quo
603 1090 766 1147 legitur
783 1090 909 1135 locot
933 1090 969 1133 F
970 1091 1182 1148 ulgurivit
1199 1113 1257 1122 —-
1274 1089 1495 1148 fulgorem
1522 1088 1628 1134 fecit

197 1161 272 1206 vel
306 1161 488 1206 fulmine
524 1162 717 1207 afflavit:
760 1164 933 1207 Novius
973 1178 1084 1208 sane
1122 1178 1151 1208 a
1189 1178 1273 1208 suo
1311 1164 1462 1208 sonitu
1501 1160 1625 1207 claro

196 1236 424 1293 fulgurivit
451 1237 680 1293 Jupiter1‘3
709 1245 754 1280 et
783 1238 943 1294 quibus
972 1239 1123 1281 verbis
1152 1238 1326 1282 Merula
1353 1236 1515 1280 Naevfi
1542 1249 1623 1300 no-

196 1321 297 1354 men
327 1313 395 1355 sic
424 1326 581 1355 eruere
611 1317 799 1356 conatus
829 1319 924 1356 estt
961 1312 1161 1355 Naevius
1199 1313 1376 1368 Sanga:
1421 1311 1515 1354 Suo
1556 1323 1627 1354 so-

195 1385 293 1428 nitu
321 1376 445 1429 claro
475 1385 701 1442 sulgurivit
728 1387 913 1441 Jupiter.
945 1409 998 1417 -
1028 1386 1199 1429 Verum
1225 1385 1313 1429 hac
1349 1386 1397 1427 in
1432 1398 1483 1428 re
1514 1384 1625 1428 diiu-

195 1453 386 1503 dicanda
414 1459 471 1502 de
502 1458 744 1515 Calpurnio
773 1460 862 1502 isto
893 1459 1060 1503 Pisone
1091 1460 1277 1517 eiusque
1306 1459 1423 1503 libro
1455 1463 1525 1502 est
1544 1471 1623 1502 no-

195 1535 265 1576 bis
294 1522 615 1589 inquirendum.
674 1534 816 1576 Nemo
849 1533 965 1576 enim
1000 1547 1147 1590 neque
1186 1541 1289 1577 ante
1316 1533 1518 1576 Merulae
1547 1545 1623 1576 ae-

194 1613 331 1650 tatem
359 1619 443 1649 nec
471 1610 632 1661 postea
660 1606 707 1648 in
737 1605 1019 1650 bibliothecis
1041 1608 1149 1650 vidit
1168 1606 1287 1651 hunc
1305 1606 1482 1651 librum.
1525 1593 1626 1656 Qua

194 1692 245 1723 re
267 1681 364 1736 jam
391 1679 671 1722 Hermannus
701 1682 747 1720 in
777 1678 905 1723 elem.
936 1694 978 1734 p.
1007 1680 1094 1724 632
1122 1680 1262 1723 movit
1291 1670 1623 1732 dubitationem,

195 1767 326 1810 quam
355 1758 588 1808 tantopere
626 1752 739 1795 satis
778 1753 910 1796 docta
949 1751 1289 1806 dissertatione,
1333 1752 1389 1797 H.
1419 1753 1622 1797 Hochius

193 1826 240 1870 in
267 1825 419 1870 libello
451 1827 507 1870 de
533 1825 644 1869 Enn.
672 1824 828 1884 fragm.
850 1840 878 1869 a
897 1825 1054 1870 Paullo
1077 1826 1252 1871 Merula
1271 1826 1415 1870 auctis
1444 1842 1488 1882 p.
1508 1824 1624 1871 4-—8

194 1903 337 1954 auxit,
373 1907 422 1943 ut
454 1900 629 1944 Merula
664 1901 741 1944 vix
776 1901 924 1956 possit
959 1899 1131 1944 fraudis
1169 1901 1471 1956 suspicionem
1513 1900 1619 1943 effu-

194 1989 314 2033 gere.
371 1962 432 2020 At
461 1976 634 2019 etiamsi
664 1989 838 2019 omnem
867 1976 1014 2019 animo
1054 1975 1261 2019 evelleris
1300 1974 1357 2018 de
1395 1962 1485 2018 isto
1516 1972 1618 2019 Cal-

191 2050 352 2105 purnio
382 2049 550 2091 Pisone
580 2050 897 2103 suspicionem,
929 2062 1137 2102 caussae,
1168 2060 1282 2105 quas
1312 2048 1487 2092 Merula
1516 2037 1619 2105 pross
1650 2105 1653 2107 ‚

195 2123 326 2176 didit,
365 2122 470 2166 mihi
498 2136 590 2165 non
620 2121 828 2165 sufficere
857 2123 1085 2176 videntur,
1122 2130 1171 2166 ut
1213 2137 1363 2166 earum
1403 2123 1502 2166 sola
1539 2124 1618 2167 au·
1661 2113 1667 2118 ὁ

194 2198 396 2240 ctoritate
426 2197 514 2239 nisi
534 2196 705 2239 Naevio
736 2210 984 2253 cognomen
1005 2196 1186 2253 Sangae
1215 2197 1494 2240 tribuendum
1514 2211 1619 2240 esse

193 2278 412 2325 putemus.
442 2293 498 2301 -

306 2342 463 2387 Altera
491 2357 599 2387 vero
631 2344 812 2400 gravior
841 2351 911 2387 est
940 2344 1144 2400 quaestio
1180 2358 1268 2401 qua
1297 2344 1441 2400 patria
1471 2345 1617 2388 oriun-

195 2417 276 2461 dus
306 2416 366 2459 sit
392 2424 540 2472 poeta.
570 2418 683 2462 Fere
713 2433 868 2461 omnes
899 2418 1154 2473 scriptores,
1184 2420 1313 2462 unico
1331 2419 1463 2462 Carlo
1479 2418 1615 2461 Deni-

193 2506 253 2535 no
270 2494 314 2535 in
332 2490 577 2536 „Discurso
595 2492 712 2536 sulla
726 2493 999 2536 litteratura«
1022 2500 1227 2549 excepto,
1248 2494 1464 2537 Naevium
1486 2491 1615 2536 Cam·

194 2579 358 2621 panum
385 2564 528 2609 fuisse
557 2568 842 2620 contendunt,
881 2568 936 2611 A.
967 2567 1100 2611 Gellii
1130 2567 1394 2611 auctoritate
1423 2567 1511 2619 usi,
1542 2567 1616 2623 qui

193 2644 238 2683 in
259 2641 385 2685 Noct.
406 2640 494 2686 Att.
516 2641 548 2682 1.
569 2641 627 2683 24
645 2639 759 2685 haec
779 2643 908 2686 nobis
929 2642 1129 2685 tradidit:
1162 2641 1479 2698 „Epigramma
1499 2642 1615 2685 Nae-
