1814 2767
1540 92 1600 137 83

287 199 476 245 Restant
502 199 752 258 fragmenta
788 194 1008 259 quaedam
1045 184 1103 250 ab
1138 204 1190 248 E.
1229 204 1597 264 spangenbergio

173 274 364 333 aliisque
378 274 526 320 adhue
538 276 725 330 omissa,
755 286 871 333 quae
892 278 977 322 etsi
997 290 1224 334 perpauca
1243 279 1355 336 sint3
1383 286 1534 324 tamen
1549 281 1598 323 in

173 356 264 393 tam
298 349 462 406 exiguo
499 348 846 408 fragmentorum
873 365 1059 397 numero
1102 353 1292 398 alicuius
1320 351 1451 411 pretii
1491 354 1597 399 mihi

173 436 280 467 esse
306 422 525 467 videntur.

286 485 483 546 Quorum
501 510 638 541 unum
672 503 822 542 exstat
851 500 970 556 apud
998 499 1196 546 Macrob.
1218 501 1393 546 Satur-n.
1423 500 1501 545 vl.
1531 502 1597 546 5.:

171 570 313 616 »Cum
329 577 378 615 tu
394 578 665 616 arcutenens
685 573 859 631 sagittis
868 574 1048 630 pollens
1066 576 1151 619 dea
1161 576 1208 630 ;“
1238 576 1313 633 qui
1331 589 1509 630 versus,
1539 577 1599 620 ad

170 645 330 689 librum
359 647 547 702 primum
585 648 828 704 pertinens,
866 663 957 693 non
996 650 1175 705 dubito,
1213 650 1322 708 quin
1360 651 1430 695 sic
1466 652 1597 696 resti-

172 722 363 764 tuendus
395 722 477 764 sit:

284 795 424 849 „Uim
444 803 491 840 tu
513 802 780 841 arentenens
801 798 976 854 sagittis
991 800 1166 854 pollens
1188 800 1336 844 Diana
1346 802 1391 851 ;“
1420 808 1497 844 aut
1516 801 1597 844 siez

171 867 315 921 „Cum
342 876 391 911 tu
419 876 687 913 arcutenens
717 871 893 927 sagittis
922 872 1098 927 pollens
1128 874 1215 916 dea
1243 873 1440 917 Dianat‘ss

284 942 406 985 Nihil
422 945 632 997 obstaret,
663 945 767 1000 quin
786 945 906 988 hunc
933 959 1111 988 versum
1140 961 1242 990 cum
1269 946 1427 1004 stag-m.
1455 947 1597 991 XXX.

168 1015 355 1059 xxxll.
387 1021 773 1075 coniungeremus,
803 1019 893 1062 nisi
923 1033 980 1063 ex
1016 1019 1233 1065 Macrobii
1261 1022 1413 1066 verbis
1458 1035 1594 1078 appa-

169 1105 270 1134 rere
299 1093 539 1144 videretur,
571 1107 670 1135 eum
700 1093 815 1136 haec
842 1095 981 1136 verba
1009 1108 1101 1137 non
1129 1110 1226 1139 cum
1256 1097 1314 1139 iis
1344 1096 1595 1148 coniuncta,

169 1166 252 1208 sed
271 1164 385 1209 'alibi
416 1166 464 1208 in
492 1166 652 1210 Naevii
682 1167 878 1210 carmine
907 1166 1095 1224 legisse.

704 1240 910 1296 Fragm.
939 1238 1074 1283 LIX.'

279 1309 481 1355 Alterum
510 1314 706 1365 versum,
737 1327 868 1370 quem
898 1315 1048 1358 omisit
1068 1314 1479 1372 spangenbergius,
1510 1314 1593 1359 Fe-

167 1390 264 1427 stus
293 1385 392 1428 sine
421 1386 573 1440 operis
604 1387 889 1430 adnotatione
929 1402 966 1430 s.
1001 1403 1045 1431 v.
1085 1389 1290 1445 sagmina
1328 1389 1478 1442 affert,
1518 1390 1593 1445 qui

166 1458 225 1501 ad
254 1471 433 1502 carmen
463 1460 519 1502 de
547 1459 667 1502 bello
703 1460 868 1515 punico
897 1462 1120 1516 pertinere
1148 1463 1346 1506 videtur:

437 1532 520 1576 Jnis
550 1534 771 1577 sacratum

300 1604 431 1650 Jovis
461 1606 695 1651 iurandum
734 1607 935 1666 sagmine
964 1640 976 1653 .
1010 1641 1019 1651 .
1050 1640 1062 1653 .
1094 1641 1107 1665 ,
1147 1610 1267 1668 quod
1301 1609 1595 1668 fragmentum

127 1701 133 1705 ·
166 1694 265 1724 cum
293 1695 364 1733 eo,
396 1683 516 1737 quod
544 1684 628 1725 sub
658 1684 815 1726 eadem
843 1697 955 1726 voce
985 1683 1153 1725 Paulus
1181 1683 1339 1726 refert:

370 1754 549 1811 Scupos
579 1769 635 1800 ac
663 1758 885 1800 verbenas
916 1757 1119 1813 sagmina
1149 1765 1405 1801 sumserunt

166 1840 273 1870 esse
288 1828 645 1885 coniungendam
662 1826 849 1887 quisque
861 1831 1088 1886 intelliget.
1119 1831 1314 1874 Versum
1334 1833 1594 1886 secundum,

165 1915 296 1959 quem
328 1901 497 1959 Spang.
528 1917 706 1960 quoque
736 1905 919 1956 addidit,
956 1905 1045 1947 levi
1084 1905 1342 1948 coniectura
1379 1907 1447 1950 sic
1484 1914 1592 1963 puto

166 1989 273 2020 esse
303 1977 647 2020 emendandum:

280 2049 457 2106 Scapos
486 2063 542 2094 ac
569 2051 807 2104 verbenas,
839 2052 1043 2109 sagmina
1070 2059 1392 2097 assumserunt.

278 2124 506 2169 Facillime
537 2126 654 2168 enim
682 2125 779 2168 fieri
807 2127 963 2181 potuit,
993 2134 1041 2169 ut
1070 2141 1098 2169 a
1126 2127 1228 2170 libri
1249 2129 1469 2183 scriptore
1489 2143 1593 2184 pro-

163 2203 263 2252 pter
277 2198 615 2241 antecedentem
630 2199 722 2251 „a“
741 2199 945 2251 litteram,
964 2206 1008 2243 et
1023 2208 1284 2257 sequentem
1299 2202 1402 2255 ‚,s“,
1419 2201 1595 2260 syllaba

165 2259 274 2315 ’‘sas“
304 2269 623 2315 omitterentur.

382 2394 385 2397 ,
701 2344 806 2390 Fra
822 2359 918 2403 gm.
947 2346 1041 2390 Lx.

276 2416 475 2478 Tertium
511 2418 807 2482 fragmentum
845 2420 1024 2466 exhibet
1060 2421 1223 2466 Festus
1263 2436 1301 2465 s.
1345 2435 1388 2465 v.
1433 2427 1594 2477 topper

163 2492 237 2535 his
266 2483 678 2550 verbisg⁵22Topper
707 2487 949 2551 significari
980 2494 1042 2537 ait
1059 2494 1275 2538 Autorius
1296 2495 1398 2547 cito,
1427 2493 1591 2537 fortas-

166 2579 234 2619 se,
264 2564 485 2620 celeriter,
513 2571 696 2621 temere,
726 2568 840 2612 cito:
871 2568 940 2611 sio
969 2569 1014 2610 in
1051 2568 1182 2612 Nelei
1223 2569 1441 2612 carmine:
1471 2568 1591 2624 Top-

163 2654 245 2695 per
271 2638 476 2687 fortunae
505 2648 826 2687 commutantur
853 2642 1130 2688 hominibus:
1162 2644 1292 2716 (fftius
1332 2644 1373 2688 si
1414 2640 1465 2689 C.
1503 2644 1591 2689 Ne·
