1814 2767
1561 148 1618 191 ⁷5

212 297 215 299 Δ
299 268 416 313 Sunt
436 264 569 314 *liaeo
607 268 746 314 verba
783 265 965 322 Navii,
1013 277 1131 323 quae
1168 264 1302 309 nobis
1338 263 1477 308 refert
1511 262 1616 318 isid.

187 342 312 401 Orig.
347 342 446 388 libr.
473 342 605 397 ssxlv.
644 356 684 387 c·
724 341 769 386 8.
814 354 852 384 s.
892 354 936 384 v.
973 338 1243 396 confi-ages„
1276 338 1616 395 spangenberg.

185 417 273 462 hoc
309 416 468 474 fragm.
507 417 671 469 omisit,
709 415 829 472 quod
868 415 1074 472 equidem
1112 415 1170 458 ad
1201 413 1366 459 bellum
1403 413 1613 469 punicum

186 492 294 550 quin
321 491 542 547 pertineat
569 504 661 534 non
691 489 859 534 dubito.

299 565 486 609 Praeter
515 579 585 619 ea,
616 578 732 622 quae
762 564 941 608 exhibui
963 562 1211 621 frag‘menta
1239 564 1297 606 ad
1324 563 1514 619 primum
1542 569 1620 606 aut

183 641 434 700 secundum
461 639 569 683 belli
597 639 749 694 punici
777 639 937 682 librum
965 635 1053 681 tria
1071 638 1296 693 pertinere
1324 637 1432 680 mihi
1461 637 1616 680 viden-

184 721 258 758 tur
283 712 548 770 stag-menta,
579 727 709 771 quae,
739 714 780 758 si
817 713 869 757 Ρ.
906 711 1126 756 Merulam
1164 712 1224 754 ad
1259 711 1373 755 Enn.
1410 711 1481 754 50.
1510 708 1617 761 1410.

177 787 284 833 448.
314 793 360 831 et
389 787 558 844 Spang.
586 802 632 842 p.
663 786 761 830 195.
790 787 1042 844 sequimur,
1081 797 1139 829 ex
1190 785 1469 841 decriptione
1509 795 1617 841 qua-

186 862 289 906 dam
316 862 487 918 primae
517 862 821 904 Romanorum
850 861 1017 905 classis
1054 865 1260 912 exstant,
1297 867 1455 903 nostra
1491 872 1618 911 vero,

186 947 320 994 quam
348 950 486 992 supra
515 936 604 979 iam
633 935 913 992 pretulimus,
943 949 1164 993 quamque
1194 935 1328 978 etiam
1346 933 1618 978 Niebuhrius

185 1012 515 1066 comprobavit,
570 1011 792 1053 sententia
849 1012 907 1053 ad
944 1011 1289 1065 descriptionem
1356 1009 1472 1052 scuti
1527 1008 1617 1052 Ae-

188 1098 304 1129 neae
353 1092 561 1142 spectare
607 1086 826 1129 videntur.
898 1085 1013 1128 Nam
1056 1084 1103 1127 in
1140 1085 1277 1129 rebus
1315 1083 1491 1128 bellicis
1526 1083 1616 1127 Ro-

186 1173 418 1203 manorum
447 1161 784 1213 describendis,
823 1161 987 1216 quippe
1027 1173 1142 1216 quae
1173 1157 1377 1201 omnibus
1408 1159 1479 1202 sui
1508 1165 1617 1201 tem-

185 1235 311 1290 poris
339 1234 556 1277 Romanis
586 1234 633 1276 in
660 1234 876 1277 memoria
904 1241 1073 1285 essent,
1094 1233 1341 1289 simplicem
1369 1233 1617 1286 veritatem,

185 1313 235 1350 ut
261 1321 320 1350 ex
347 1307 461 1362 ipsis
490 1306 756 1363 fragmentis
786 1313 988 1362 apparet,
1017 1313 1141 1350 tanta
1169 1307 1399 1349 ieiunitate
1418 1306 1618 1350 Naevius

186 1386 371 1424 secutus
409 1386 501 1433 est,
538 1387 586 1423 ut
623 1381 774 1436 potius
813 1381 1040 1424 annalium
1076 1384 1294 1437 scriptor,
1325 1394 1456 1438 quam
1485 1366 1621 1436 poeta

185 1454 435 1506 videretur3
471 1456 519 1497 in
553 1455 690 1499 rebus
733 1469 844 1499 vero
886 1455 1132 1510 fabulosis,
1176 1466 1291 1514 quas
1329 1457 1385 1500 de
1431 1455 1619 1500 Aeneae
1669 1498 1687 1513 „

185 1527 373 1586 eiusque
401 1530 449 1571 in
466 1528 638 1572 Italiam
667 1531 861 1578 adventu
888 1530 1091 1584 finxerat,
1121 1531 1298 1586 poetico
1329 1537 1490 1573 ornatu
1517 1529 1616 1572 ubi-

142 1621 144 1623 ·
188 1616 276 1660 que
302 1616 415 1664 usus
445 1609 529 1656 est,
561 1617 698 1660 quare
727 1604 774 1646 id
801 1603 967 1648 factum
996 1612 1087 1658 est,
1125 1612 1173 1648 ut
1208 1604 1448 1661 fragmenti
1484 1604 1619 1660 primi

187 1690 243 1720 ac
271 1678 457 1720 secundi
485 1677 587 1720 libri
616 1678 749 1734 plane
779 1678 913 1722 aliam
933 1679 1132 1735 speciem
1149 1685 1194 1723 et
1215 1678 1410 1723 indolem
1425 1679 1620 1723 habeant

187 1758 322 1809 atque
350 1766 420 1805 ea,
452 1766 567 1808 quae
597 1766 653 1795 ex
683 1754 848 1796 ceteris
877 1754 1004 1796 libris
1035 1760 1227 1797 exstant.
1255 1776 1314 1785 ——
1349 1754 1450 1797 Huc
1488 1767 1617 1797 acce-

187 1826 264 1879 dit,
296 1827 415 1883 quod
444 1826 746 1870 Romanorum
777 1827 942 1871 classis
973 1835 1064 1871 tam
1093 1828 1299 1872 celeriter
1329 1836 1373 1872 et
1401 1835 1490 1871 tam
1518 1827 1618 1870 rudi

187 1906 284 1942 arte
315 1907 411 1943 erat
440 1907 680 1954 exstructa,
710 1909 758 1943 ut
786 1909 922 1957 poeta
949 1903 1100 1958 potius
1117 1903 1215 1945 eius
1244 1903 1397 1945 rudem
1416 1901 1617 1955 formam,

188 1987 321 2031 quam
351 1981 595 2028 externum,
625 1975 842 2037 Romanis
872 1979 928 2019 ad
958 1978 1003 2019 id
1030 1991 1174 2032 usque
1203 1983 1378 2031 tempus
1418 1979 1618 2032 ignotum

187 2049 286 2092 eius
317 2055 519 2092 ornatum
549 2049 880 2106 descripsisset.
938 2051 1219 2108 Fragmenta,
1250 2065 1364 2108 quae
1392 2051 1481 2096 huc
1509 2049 1617 2094 mihi

187 2124 411 2179 pertinere
439 2124 659 2177 videntur,
691 2132 796 2167 sunt
823 2125 960 2169 haec:

705 2199 740 2242 F
749 2213 918 2256 rag-m.
946 2200 1088 2243 XXX.

325 2273 504 2315 Inerant
533 2275 663 2328 signa
692 2275 910 2328 expressa
929 2273 947 2327 ΙΙ
968 2273 1189 2330 quomodo
1219 2274 1365 2317 Titani

322 2345 593 2401 Bicdrpores
625 2347 843 2403 Gigantes
864 2347 882 2403 ΙΙ
902 2347 1139 2405 ῐῐιὰςῃίᾳιιθ
1168 2348 1375 2393 Atlantes

322 2418 536 2463 Rhiincus
564 2421 620 2464 ac
648 2421 905 2478 Purpureus
925 2421 945 2477 ΙΙ
963 2420 1045 2466 filii
1074 2422 1239 2466 terras.

190 2492 272 2549 (cs.
301 2492 444 2537 Prisc.
474 2493 551 2538 vl.
583 2509 626 2550 p.
656 2495 774 2548 689.)
805 2497 937 2547 Quod
966 2497 1023 2540 ad
1043 2510 1256 2540 versuum
1269 2496 1486 2540 rationem
1513 2507 1615 2552 per-

189 2569 312 2621 tinet,
344 2567 394 2612 C.
425 2568 481 2611 Ο.
510 2568 776 2616 Muellerum
805 2570 885 2626 (cf.
914 2570 1030 2614 Add.
1060 2570 1119 2614 ad
1146 2570 1266 2615 Fest.
1305 2585 1349 2626 p.
1384 2570 1505 2621 312.)
1543 2582 1614 2612 se·

191 2650 352 2700 quutus
401 2657 512 2687 sum.
554 2643 730 2689 Theses
758 2645 888 2690 vides
917 2645 963 2689 in
1001 2646 1201 2690 secundo
1241 2653 1286 2690 et
1322 2645 1452 2689 tertio
1501 2643 1617 2699 pede
