1814 2767
887 389 916 424 1.

595 484 674 520 Do
699 461 859 519 Gnaei
882 480 1066 519 Naevii
1089 481 1214 518 vita.

887 628 915 657 1.

482 717 549 751 De
586 716 773 751 Naevii
810 717 1007 751 nomine
1049 720 1096 749 et
1132 715 1317 760 patria.

300 853 460 897 Naevii
489 858 651 909 poetae
680 865 844 895 nomen
879 852 926 894 in
965 851 1090 895 libris
1119 858 1319 895 veterum
1355 850 1616 909 plerumque

190 941 336 984 neque
364 926 654 983 praenomine
683 940 829 983 neque
860 926 1124 983 cognomine
1148 925 1299 969 addito
1319 926 1450 969 nobis
1479 923 1616 969 refer-

189 1007 273 1045 tur0
330 1000 400 1044 Ex
428 1002 602 1044 duobus
631 1014 738 1045 vero
768 1000 871 1045 Aul.
902 999 1036 1044 Gellii
1069 1000 1185 1044 locis
1214 1000 1260 1043 in
1289 1000 1432 1043 Noctt.
1463 999 1555 1043 Att.
1585 998 1618 1042 1.

188 1075 260 1120 24.
289 1075 367 1119 Vl.
395 1075 437 1119 8.
467 1082 600 1132 atque
631 1089 685 1118 ex
715 1075 907 1131 imagine
937 1075 1129 1131 quadam
1157 1080 1321 1129 poetae
1351 1073 1515 1125 nostri,
1546 1061 1618 1116 cui

188 1149 450 1204 inscriptum
479 1155 596 1192 erat:
628 1148 709 1192 Cn.
738 1148 909 1191 Nevius
940 1147 1050 1204 Cap.
1070 1148 1296 1200 videmus,
1328 1161 1428 1191 eum
1450 1145 1618 1190 Cneum

189 1221 332 1266 fuisse
362 1223 747 1280 cognominatum3
786 1235 876 1279 qua
903 1236 954 1265 re
984 1225 1029 1264 in
1056 1222 1193 1266 Festo
1224 1236 1262 1265 s.
1291 1235 1334 1265 v.
1363 1228 1524 1277 topper
1553 1227 1618 1263 at-

191 1308 277 1351 que
314 1296 362 1339 in
393 1295 510 1339 Gen.
538 1296 684 1339 Noctt.
725 1296 815 1339 Att.
844 1293 987 1338 XVII.
1015 1295 1112 1348 21„
1150 1294 1226 1338 ubi
1264 1292 1313 1338 C.
1343 1293 1546 1337 Naevius
1574 1293 1622 1335 in

187 1368 314 1412 libris
354 1374 399 1412 et
434 1370 561 1413 codd.
597 1369 760 1426 legitur
800 1369 977 1424 (littera
1013 1370 1055 1412 N
1092 1375 1277 1425 propter
1311 1369 1621 1425 insequentem

189 1443 376 1485 eandem
404 1441 597 1486 litteram
623 1442 812 1486 forsitan
833 1442 1035 1497 omissa)
1067 1442 1146 1487 Cn.
1166 1443 1366 1486 Naevius
1385 1442 1619 1485 restituen-

188 1517 291 1560 dum
321 1530 427 1560 esse
455 1523 578 1572 puto.
640 1517 786 1567 Quum
814 1530 923 1561 vero
953 1518 1001 1561 in
1022 1518 1225 1561 omnibus
1251 1524 1447 1561 veterum
1478 1516 1621 1571 scrip-

187 1597 333 1634 torum
361 1590 510 1645 libris,
540 1604 569 1633 a
598 1593 759 1648 quibus
780 1591 942 1636 Naevii
970 1591 1218 1650 fragmenta
1236 1591 1370 1635 nobis
1390 1596 1495 1634 sunt
1514 1603 1620 1634 con-

192 1664 431 1721 quirenda,
471 1679 695 1723 nusquam
722 1667 881 1709 Naevii
918 1679 1082 1709 nomen
1108 1666 1288 1716 adiecto
1327 1665 1416 1708 hoc
1453 1678 1621 1721 cogno-

187 1737 308 1782 mine
335 1737 584 1792 referatur3
624 1753 680 1784 ex
718 1739 962 1784 litterarum
1000 1739 1288 1784 similitudine
1328 1745 1373 1783 et
1409 1738 1621 1783 facillimo

188 1811 351 1856 calami
379 1812 512 1869 lapsu
541 1826 669 1857 error
698 1813 876 1871 quidam
905 1814 951 1856 in
982 1814 1177 1871 antiquis
1205 1813 1333 1858 libris
1353 1827 1485 1856 manu
1515 1826 1621 1857 con-

189 1885 368 1942 scriptis
395 1893 529 1931 natus
559 1894 645 1942 est,
678 1902 766 1944 quo
798 1888 1065 1943 saepissime
1093 1888 1268 1940 Naevii,
1289 1887 1463 1939 Laevii,
1494 1886 1623 1939 Livii,

190 1960 324 2004 Novii
343 1961 525 2004 nomina
544 1961 660 2005 inter
680 1975 785 2005 sese
806 1963 920 2005 adeo
942 1961 1278 2013 confundantur,
1296 1967 1345 2003 ut
1370 1973 1485 2017 quae
1504 1959 1624 2017 frag-

190 2039 342 2078 menta
369 2037 607 2092 unicuique
637 2048 791 2078 eorum
821 2034 911 2077 sint
939 2035 1198 2088 tribuenda,
1228 2033 1408 2078 difficile
1433 2035 1492 2078 sit
1511 2035 1621 2078 diiu-

190 2108 352 2153 dicatu.
412 2108 557 2157 Quam
583 2107 859 2165 frequentem
887 2108 1115 2152 nominum
1133 2109 1512 2165 perturbationem
1532 2110 1622 2166 pri-

192 2197 292 2227 mus
321 2183 431 2227 vidit
460 2183 654 2227 omnium
685 2183 1009 2240 sagacissimus
1038 2183 1134 2226 JOS.
1166 2184 1373 2241 Scaliger
1411 2185 1502 2238 (ad
1530 2184 1622 2228 Au-

194 2270 293 2300 son.
334 2264 512 2301 centon.
550 2257 736 2312 nuptial.
778 2272 823 2313 p.
862 2258 960 2302 517.
1006 2258 1075 2301 ed.
1113 2257 1281 2311 Tou),
1327 2272 1457 2315 quem
1503 2258 1624 2302 multi

192 2330 351 2373 deinde
380 2331 524 2374 secuti
555 2338 678 2386 sunt,
709 2346 897 2388 quorum
925 2338 1082 2374 nostra
1110 2339 1257 2376 aetate
1277 2332 1476 2390 Langius
1506 2333 1621 2385 (vin-

193 2403 280 2448 dic.
307 2409 421 2460 trag.
450 2403 579 2448 Rom.
609 2418 653 2461 p.
685 2405 811 2461 10.)‚
843 2406 1054 2450 Osannus
1086 2406 1307 2460 (analect.
1337 2407 1431 2451 crit.
1461 2421 1501 2462 p.
1526 2405 1622 2460 38),

193 2477 478 2523 Weichertus
509 2474 583 2532 (in
614 2488 850 2524 comment.
880 2482 936 2524 de
964 2480 1133 2525 Laevio
1163 2481 1328 2537 poeta)
1366 2494 1459 2524 rem
1490 2493 1621 2526 accu-

194 2553 338 2598 ratius
367 2553 757 2611 investigaverunt.
821 2554 870 2599 ln
899 2555 1000 2612 lege
1028 2569 1137 2599 vero
1168 2556 1269 2608 ista,
1301 2568 1432 2612 quam
1461 2568 1625 2612 magna

196 2628 372 2685 quidem
412 2628 655 2686 sagacitate
693 2629 892 2687 Langius
922 2630 948 2673 l.
982 2630 1010 2673 1.
1044 2631 1287 2683 constituit,
1329 2643 1505 2688 quaque
1546 2631 1621 2674 du-
