1814 2767
228 240 239 246 „
1563 181 1623 226 49

203 249 246 282 ἒ,

189 305 394 358 quaruQ
398 293 588 356 alteram
624 295 845 360 dimaon
859 245 1114 355 iambicum
1137 294 1470 349 catalecticum,
1508 293 1619 340 alte-

188 381 286 428 ram
305 352 531 431 ᾤωοῐῑοη
560 369 829 434 trochaico'n
853 346 1331 430 brachycatalecticum
1360 370 1457 414 slve
1499 369 1619 428 ithy-

188 436 430 500 phallicum
458 425 700 493 nominant.
752 442 874 506 §aa
882 456 933 486 re
961 443 1002 487 si
1020 441 1159 490 hanc
1179 442 1376 499 Gramm.
1402 444 1622 502 rationem

187 517 430 584 sequimur,
459 533 622 564 versus
646 494 842 583 evadit,
854 517 901 561 in
940 532 1028 576 quo
1067 518 1266 576 oppositi
1306 517 1448 577 pedes
1486 518 1620 563 iambi

187 599 233 638 et
277 592 478 639 trochaei
529 580 754 639 coniuncti
798 599 904 637 sunt
918 595 1096 652 ,quod
1146 600 1388 638 metrorum
1416 607 1562 652 genus
1591 607 1621 637 a

186 650 379 714 Grmm.
410 668 599 724 Graecis
625 668 763 726 μετρά
790 665 882 712 κατ’
913 666 1212 713 ἇντιπᾶθειαν
1238 668 1374 725 μικτά
1415 669 1617 712 uomina·

185 749 271 787 tur.
299 765 356 774 -—
394 743 563 787 Verum
602 743 718 804 enim
756 757 887 796 vero,
928 757 1063 800 quum
1101 742 1316 787 trochaici
1359 750 1404 786 et
1442 743 1619 792 iambici

184 830 347 860 versus
376 831 511 861 unum
540 830 818 861 communem
846 830 1075 861 numerum
1103 816 1274 879 habere
1302 829 1405 861 cum
1431 815 1616 861 Herma-

184 905 244 934 no
273 892 476 945 arbitrer,
505 905 592 935 nec
621 891 830 948 syzygias
861 905 889 935 a
930 893 1158 935 veteribus
1199 884 1514 937 Grammaticis
1550 891 1617 934 in-

183 966 428 1021 troductas,
459 967 548 1011 sed·
578 980 791 1010 numeros
829 972 997 1011 tantum
1035 967 1081 1010 in
1120 967 1327 1011 versibus
1363 967 1619 1024 respiciam,

182 1041 350 1084 nullam
377 1041 512 1097 plane
540 1055 736 1099 unquam
763 1041 907 1085 tuisse
936 1039 1251 1093 ἀντιπάθειαι),
1282 1048 1328 1085 et
1364 1042 1468 1088 huic
1508 1056 1616 1099 quo-

183 1130 271 1173 que
299 1117 452 1160 versui
493 1117 702 1161 Saturnio
733 1116 1006 1177 trachaicugn
1036 1130 1264 1159 numerum
1301 1116 1456 1159 inesse
1485 1123 1618 1171 put03

182 1190 246 1233 ita
272 1197 321 1234 ut
347 1192 490 1246 prima
519 1190 695 1239 svnaba
725 1192 784 1233 sit
812 1190 1067 1243 anacrusis,
1109 1190 1230 1246 quod
1267 1204 1324 1233 ea
1354 1205 1537 1248 quoque
1566 1205 1617 1234 re

180 1264 312 1308 valde
324 1266 650 1321 comprobatur,
682 1265 787 1321 quia
818 1265 1001 1319 saepius
1023 1264 1428 1320 omninosupprimi
1457 1265 1616 1320 potuit,

180 1345 227 1382 et
273 1353 491 1395 supressa
538 1347 619 1383 est.
665 1363 721 1371 —-
763 1340 917 1396 ltaque
962 1353 1117 1381 veram
1168 1339 1366 1382 Saturnii
1394 1339 1617 1401 rationem

181 1412 299 1456 hanc
334 1426 442 1456 esse
477 1414 689 1466 arbitror,
726 1420 776 1456 ut
813 1414 901 1457 duo
930 1413 1101 1456 numeri
1131 1412 1348 1456 trochaici
1385 1413 1483 1456 sive
1513 1413 1616 1470 quis

180 1486 432 1529 versiculos
477 1488 628 1530 dicere
672 1487 818 1540 malit,
869 1487 1114 1530 cohareant
1153 1488 1352 1543 quidem,
1389 1501 1616 1544 unumque

180 1573 361 1603 versum
398 1559 614 1613 efficiant,
665 1562 748 1604 sed
786 1560 1010 1605 vinculum
1040 1561 1150 1604 illud
1188 1560 1334 1604 laxius
1363 1562 1452 1613 sit,
1484 1567 1542 1613 et,
1573 1561 1614 1604 si

179 1641 343 1689 poetae
385 1633 558 1687 lubeat,
616 1634 783 1691 negligi
834 1635 983 1690 possit
1041 1636 1276 1679 verborum
1324 1635 1614 1690 perpetuitas,

179 1720 314 1765 quam
342 1707 590 1766 συνάφειαι)
629 1707 791 1751 Graeci
821 1709 1065 1751 nominant.
1125 1709 1226 1756 Qua
1247 1721 1304 1750 re
1334 1708 1379 1749 id
1409 1707 1613 1760 efficitur,

178 1789 226 1825 ut
246 1795 436 1826 caesura
464 1783 511 1824 in
540 1783 745 1825 omnibus
774 1783 984 1826 versibus
1015 1783 1229 1837 saturniis
1258 1783 1418 1825 eadem
1447 1783 1612 1841 ubique

116 1910 126 1917 ᾖ
180 1857 240 1899 sit
267 1864 372 1912 post
399 1856 595 1912 priorem
623 1871 785 1900 versus
815 1864 1002 1912 partem,
1032 1864 1078 1899 et
1109 1856 1310 1914 syllaba,
1341 1870 1430 1912 qua
1464 1856 1614 1900 finitur

178 1930 292 1974 haec
320 1931 444 1986 prior
472 1931 685 1974 versiculi
715 1945 839 1986 pars,
870 1945 928 1974 ex
955 1938 1115 1974 natura
1145 1931 1507 1985 numerianceps
1537 1931 1611 1983 sit,

177 2017 263 2048 nec
290 2004 380 2048 hoc
407 2004 510 2048 loco
539 2005 688 2048 hiatus
718 2006 865 2060 possit
896 2005 1118 2047 offendere
1135 2028 1192 2034 —
1208 2005 1407 2050 Eandem
1436 2005 1610 2046 numeri

179 2079 397 2122 rationem
418 2080 463 2121 in
492 2079 642 2122 multis
658 2079 917 2131 trochaicis,
947 2078 1165 2129 iambicis,
1196 2078 1501 2132 anapaesticis
1522 2077 1608 2122 Co-

177 2153 387 2197 micorum
415 2153 651 2196 latinorum
682 2152 960 2206 observabis,
992 2166 1108 2210 quos
1138 2166 1298 2195 versus
1329 2159 1458 2195 vetus
1469 2152 1610 2196 Grae-

176 2242 331 2271 corum
361 2228 684 2271 Grammaticus
715 2227 794 2276 (cf.
823 2227 1098 2270 Hefaestion.
1131 2229 1248 2282 apud
1259 2226 1407 2270 Herm.
1436 2243 1481 2283 p.
1500 2228 1609 2277 590)

178 2310 461 2360 asynartetos
491 2303 758 2346 nominavit:
791 2317 829 2347 e.
862 2317 905 2360 g.
937 2301 1080 2345 Plaut.
1110 2302 1384 2358 inAmphitr.
1416 2303 1449 2346 1.
1481 2304 1521 2347 l.
1538 2303 1609 2347 35.

235 2376 320 2423 Qui
351 2376 489 2418 multa
517 2377 731 2419 Thebano
761 2377 897 2432 poplo
935 2376 955 2430 Η
995 2377 1159 2418 acerba
1189 2377 1354 2419 obiecit
1381 2376 1551 2418 funera.

292 2447 423 2496 Quod
450 2462 560 2492 vero
591 2450 649 2491 ad
678 2450 882 2507 singulos
912 2449 1066 2505 pedes,
1099 2450 1174 2507 qui
1203 2457 1444 2503 vocantur,
1473 2449 1607 2505 perti-

177 2529 266 2575 net,
296 2535 387 2564 non
415 2530 634 2579 repugnat
662 2524 838 2581 legibus
860 2539 1021 2567 versus
1052 2526 1255 2577 saturnii,
1287 2526 1401 2568 sicut
1429 2537 1520 2566 non
1534 2537 1605 2568 re·

176 2604 359 2661 pugnat-
379 2596 554 2653 legibus
590 2612 710 2644 vers.
751 2599 985 2653 trochaici,
1025 2605 1071 2641 ut
1109 2599 1156 2640 in
1193 2600 1250 2642 iis
1290 2598 1496 2655 dactylus
1524 2613 1606 2654 pro

176 2671 385 2715 trochaeo
415 2671 559 2715 locum
590 2673 809 2717 interdum
838 2674 1023 2727 habeat;
1053 2673 1098 2716 in
1120 2673 1273 2717 ultima
1303 2681 1451 2718 tamen
1481 2674 1607 2726 sede,
