1814 2767
1546 43 1605 88 6⁷

173 157 376 206 Aeneam
403 155 577 216 fugisse
605 163 786 214 praeter
803 155 1022 203 Naevium
1052 156 1226 203 Conon.
1256 158 1432 204 Narrat.
1446 157 1604 204 XLVI.

172 220 385 280 narravit.
440 233 484 277 A
526 234 707 278 Venere
751 237 976 276 servatum
1024 245 1130 276 esse
1177 231 1381 277 Aeneam
1427 232 1607 277 tradidit

175 300 310 355 etiam
338 306 566 364 Triphiod.
595 308 697 353 642.
727 312 773 350 et
803 305 992 355 Quintus
1020 305 1144 357 x111.
1173 306 1272 351 2242

746 379 955 437 Fragm.
985 380 1041 423 V.

430 455 523 500 Res
552 457 681 500 divas
711 455 845 499 edicit
872 467 982 510 prae
1001 453 1020 508 ΙΙ
1041 455 1147 497 dicit
1176 456 1344 499 castus.
1556 491 1559 492 γ

176 527 234 573 cf.
262 528 379 574 Non.
409 542 447 574 S.
477 542 520 573 v.
553 529 745 573 castitat.
776 529 945 585 Spang.
974 543 1017 584 p.
1055 528 1143 582 204
1170 527 1292 572 hunc
1325 543 1508 574 versum
1547 530 1607 578 ad

174 602 274 651 libr.
303 602 394 649 vu.
423 602 574 656 refert,
605 605 724 661 quod
752 617 844 647 non
871 617 1060 659 possum
1093 603 1404 659 comprobare.

740 678 950 734 Fragm.
979 677 1053 723 vl.

856 752 1099 808 Postquam

231 829 375 874 Avem
405 827 584 883 aspexit
612 827 668 870 de
697 824 859 881 templo
880 824 899 880 ΙΙ
919 825 1144 870 Anchises
1175 827 1308 870 sacra
1336 827 1381 870 in
1410 824 1572 889 mensa

289 901 522 952 Penatium
551 900 774 956 ponuntur
792 899 813 954 ΙΙ
833 900 986 942 ordine
998 915 1011 951 ;
1041 899 1299 944 immolabat

233 975 447 1019 Auratam
478 975 697 1018 victimam
727 975 1028 1030 pulcramque.

289 1049 444 1092 Verba
471 1049 606 1092 Probi
637 1049 694 1091 ad
723 1049 849 1104 Virg.
878 1047 1060 1091 EcLVl.
1094 1049 1161 1091 sic
1189 1048 1421 1104 legunturt
1450 1049 1610 1095 „Post-

179 1137 309 1180 quam
338 1137 467 1166 avem
497 1123 552 1165 de
581 1122 762 1178 templo,
792 1120 1018 1164 Anchises
1048 1135 1184 1163 sacra
1212 1122 1430 1166 immensa
1465 1122 1612 1168 Pena·

179 1198 287 1240 tium
317 1198 472 1240 ordine
500 1204 724 1252 ponuntur
754 1196 1011 1239 immolabat
1040 1209 1224 1239 auream
1254 1198 1479 1241 victimam
1513 1197 1613 1255 pul-

180 1283 346 1324 cram,“
408 1269 613 1327 Scaliger
642 1272 700 1313 ad
728 1270 979 1313 Varronem
1008 1285 1052 1325 p.
1095 1271 1191 1315 124.
1223 1271 1356 1315 nimis
1386 1273 1613 1327 audacter,

181 1352 227 1389 at
254 1346 503 1402 ingenuose
533 1345 599 1386 sic
627 1345 822 1387 restituit
850 1358 1034 1387 versus:

292 1419 353 1463 At
380 1425 619 1474 postquam
649 1419 768 1460 avim
798 1419 854 1461 de
884 1417 1047 1472 templo
1077 1417 1276 1461 Anchisa
1305 1420 1454 1473 spexit

298 1494 440 1536 Sacra
470 1492 625 1535 ordine
654 1491 700 1533 in
729 1504 888 1534 mensa
916 1491 1146 1534 Penatium
1175 1491 1372 1536 Deorum

295 1566 546 1615 Ponuntur3
575 1564 799 1607 victimam
827 1577 1010 1606 auream
1038 1563 1241 1618 pulcram
1269 1565 1538 1610 immolabat.

326 1639 467 1688 Quem
505 1643 687 1681 secutus
743 1643 815 1681 est
849 1636 902 1680 E.
932 1636 1112 1694 *Spang.
1150 1651 1194 1693 p.
1234 1638 1336 1682 199.
1374 1638 1615 1687 Hermanni

184 1715 361 1758 doctam
389 1726 599 1756 versuum
630 1711 985 1755 emendationem
1013 1712 1102 1755 vid.
1133 1711 1261 1756 elem.
1292 1727 1333 1768 p.
1367 1713 1466 1757 632.

723 1787 939 1843 Fragm.
976 1786 1075 1830 VII.

585 1861 807 1904 Frondem
837 1874 891 1902 ac
920 1859 1058 1901 ssdres
1088 1859 1210 1902 addit

352 1933 457 1976 Non
485 1932 613 1976 lanas
644 1933 726 1976 sed
755 1933 928 1976 velatas
948 1931 967 1986 Η
985 1931 1247 1976 frondentes
1278 1935 1449 1979 comaS.

126 2058 136 2066 ³
188 2008 265 2061 (cf.
292 2009 439 2052 Varro
470 2008 526 2049 de
556 2006 585 2050 l.
615 2006 646 2049 l.
676 2006 772 2049 VII.
806 2020 848 2061 p.
881 2007 980 2049 311.
1012 2006 1081 2049 ed.
1112 2005 1215 2062 Sp.)
1263 2006 1363 2052 Hoc
1390 2007 1614 2066 fragmen-

187 2084 280 2126 tum
310 2097 487 2140 quoque
518 2081 668 2124 omisit
698 2081 866 2136 Spang.
898 2079 1102 2136 Scaliger
1130 2080 1245 2124 haec
1262 2083 1401 2125 verba
1430 2096 1487 2126 ex
1497 2084 1616 2127 Nae-

187 2158 249 2199 vii
287 2157 517 2200 Alcestide
555 2161 732 2209 sumpta
769 2167 875 2198 esse
914 2153 1151 2196 arbitratus
1188 2161 1283 2206 est3
1314 2154 1386 2207 (cf
1416 2155 1531 2201 Add.
1561 2159 1620 2202 ad

188 2231 320 2273 Varr.
350 2244 394 2284 p.
423 2230 500 2272 85.
523 2230 593 2271 ed.
622 2228 760 2283 Bip.,)
791 2242 922 2285 quam
942 2216 1209 2271 sententiam
1236 2228 1517 2273 Hermannus
1547 2245 1619 2274 re·

190 2303 348 2350 tutavit
376 2304 434 2346 ad
462 2302 614 2358 Eurip.
644 2302 743 2346 Alc.
773 2318 819 2359 p.
848 2301 1007 2346 XVIII.
1040 2325 1091 2332 —
1123 2301 1173 2344 In
1202 2303 1423 2347 Varronis
1452 2305 1618 2350 codici-

190 2381 291 2432 bus,
322 2377 396 2435 qui
425 2376 568 2420 adhuc
597 2384 788 2430 exstant,
817 2384 981 2433 poetae
1009 2390 1172 2419 nomen
1202 2378 1418 2420 omissum
1447 2385 1543 2430 est3
1572 2380 1628 2425 in-

192 2454 293 2500 edd.
322 2451 462 2508 princ.
491 2457 652 2495 vetust.
683 2451 816 2495 Rhol.
835 2451 996 2495 Venet.
1026 2451 1058 2493 Ι.
1089 2450 1142 2493 11.
1170 2449 1273 2495 Ald.
1303 2451 1444 2495 Basil.
1473 2452 1620 2498 Paris.

194 2527 365 2586 Gryph.
393 2526 498 2571 huic
525 2526 678 2569 versui
708 2526 868 2570 Naevii
909 2538 1071 2569 nomen
1108 2526 1380 2581 adscriptum
1416 2526 1623 2585 legimus.

1300 2600 1348 2643 5*
