1814 2767
192 51 250 94 84

190 165 315 208 vius:
347 163 585 221 Capesset⁴>
600 152 823 208 ssauimam
853 162 1067 208 Volcaniz
1097 164 1168 208 elo
1194 163 1242 209 ln
1271 164 1452 213 'codena
1488 165 1623 210 Nam·

191 251 280 295 que
308 228 479 296 nullum
507 237 638 294 peius
666 242 867 281 macerat
893 235 1133 281 homonem
1152 238 1343 295 quamde
1370 251 1494 284 mare
1521 252 1623 284 sae-

187 325 305 360 vum.
379 299 512 363 Vires
551 311 624 354 cui
663 317 768 355 sunt
802 323 994 369 magnae
1031 317 1194 369 topper
1229 311 1511 371 confringent
1542 313 1624 357 im·

189 388 410 442 portunae
439 386 630 429 undae«.

309 459 481 504 Locum
510 465 764 515 corruptum
794 459 864 503 sic
911 459 1135 503 emenda}
1158 464 1177 504 ’.
1293 491 1306 502 .
1348 459 1506 505 citiusz
1557 460 1628 505 sic

188 533 391 577 Naevius
421 538 533 582 (non
564 534 684 590 quod
715 533 765 577 C.
797 533 852 577 Ο.
880 533 1127 577 Muellerus
1158 533 1240 578 Gn.
1268 535 1494 588 Naevius,
1521 547 1627 578 nam

189 607 235 649 in
252 607 389 651 Festo
419 620 660 664 numquam
680 599 782 651 eius
797 620 962 651 nomen
983 609 1133 662 addito
1155 609 1422 665 cognomine
1442 608 1627 662 exstat.)

325 681 508 737 Topper
537 689 749 738 capesset
777 681 999 725 flammam
1028 682 1235 727 Volcani.

334 755 411 798 Sic
440 756 487 798 in
517 757 699 799 eodem:
728 757 933 813 Namque
961 755 1144 799 neillum

327 830 466 873 Peius
496 831 631 873 macit
657 829 913 882 homonem,
944 831 1134 886 quamde
1162 844 1285 873 mare
1314 843 1502 874 saevum

332 902 471 946 Vires
501 904 573 946 cui
603 910 708 945 sunt
735 916 926 960 magnae
955 910 1119 961 topper
1146 903 1428 962 confringent

331 976 616 1033 Importunae
644 979 804 1021 undae.

308 1051 488 1095 Neilum
516 1066 601 1107 pro
631 1052 801 1095 nullum
830 1053 1025 1095 restituit
1056 1052 1239 1111 Scalig,
1280 1060 1325 1097 et
1364 1067 1449 1109 pro
1486 1065 1632 1097 mace·

193 1132 265 1169 rat
294 1126 489 1170 coniecit
516 1126 669 1169 Ursin.
700 1126 847 1169 macit.
886 1126 1035 1170 Herm.
1077 1126 1205 1171 elem.
1241 1141 1285 1183 p.
1324 1128 1410 1173 623
1447 1133 1632 1184 propter

194 1199 460 1250 sententiae,
493 1212 609 1254 quae
639 1199 686 1240 in
714 1198 845 1241 Hom.
876 1199 1044 1255 Odyss.
1079 1199 1198 1242 VIII.
1237 1199 1321 1243 138
1357 1206 1528 1253 exstat,
1568 1200 1629 1242 si·

193 1271 502 1324 militudinem,
533 1272 624 1315 hoc
652 1286 815 1315 versus
845 1272 962 1315 Livii
991 1272 1237 1316 Andronici
1268 1273 1505 1329 Odysseae
1534 1274 1631 1315 vin-

195 1346 414 1390 dicandos
445 1360 551 1389 esse
580 1347 765 1402 putavit.
823 1345 885 1390 At
914 1360 1049 1403 quum
1079 1346 1208 1391 codd.
1249 1347 1515 1391 auctoritate
1544 1347 1633 1392 hoo

195 1421 377 1464 omnino
406 1434 500 1463 non
529 1422 858 1477 comprobetur,
888 1434 979 1463 non
1009 1422 1178 1474 dubito,
1209 1422 1315 1478 quin
1343 1423 1516 1466 Naevio
1545 1422 1636 1466 sint

194 1495 435 1548 tribuendi,
463 1494 708 1538 Homerum
736 1495 921 1538 imitato.

729 1552 765 1594 F
777 1566 800 1593 r
811 1565 838 1593 a
847 1566 877 1607 g
886 1566 944 1594 m.
960 1552 1088 1605 ‚LXL

316 1609 533 1658 Quartum
561 1607 871 1666 fragmentum,
903 1609 988 1652 etsi
1010 1609 1175 1653 misere
1195 1616 1465 1665 corruptum,
1485 1609 1633 1654 Varro

197 1682 254 1726 de
283 1681 312 1724 l.
343 1681 372 1725 1.
404 1683 501 1725 Vll.
530 1683 589 1726 23
618 1683 689 1726 ed.
717 1682 842 1726 Miill.
874 1696 916 1739 p.
945 1683 1032 1726 309
1063 1683 1140 1739 Sp.
1172 1683 1352 1727 exhibet
1379 1683 1547 1728 hocce:

314 1756 470 1799 „Ratis
500 1757 631 1800 navis
661 1756 839 1813 longas,
876 1764 925 1799 ut
962 1758 1186 1810 Naevius,
1229 1772 1363 1815 quom
1401 1759 1486 1800 ait:
1526 1772 1634 1801 con-

194 1830 317 1875 ferre
348 1838 512 1888 queant
539 1838 681 1874 ratem
710 1838 908 1874 aeratam
937 1831 1012 1888 qui
1042 1832 1160 1887 perit
1187 1838 1233 1874 et
1262 1832 1337 1888 qui
1378 1833 1482 1874 dum
1510 1845 1636 1876 mare

196 1906 415 1948 sudantes
446 1912 552 1948 eunt
581 1912 714 1962 atque
744 1906 1000 1948 sedentesss.
1050 1905 1204 1948 Verba
1231 1904 1344 1947 haec
1373 1906 1431 1946 ad
1460 1906 1635 1951 tertium

196 1978 358 2022 librum
389 1993 505 2036 quae
535 1979 761 2034 pertinere
790 1980 1010 2031 videntur,
1042 1979 1248 2035 Scaliger
1288 1993 1477 2035 eumque
1507 1986 1637 2026 secu·

197 2059 271 2097 tus
288 2052 395 2097 e.0.
410 2052 656 2096 Muellerus
673 2053 742 2097 sic
762 2053 1021 2096 doctissime
1043 2051 1355 2097 etselicissime
1377 2053 1638 2096 restituerez

338 2128 469 2171 „Non
498 2126 618 2170 ferre
649 2134 814 2184 queant
841 2134 984 2169 ratem
1013 2133 1230 2179 aeratam,
1262 2115 1338 2183 qui

340 2202 430 2245 Per
458 2202 672 2258 liquidum
700 2201 1046 2244 maresudantes
1077 2207 1183 2245 eunt
1211 2208 1346 2258 atque
1383 2200 1638 2244 sedentes«.

314 2276 466 2319 Locus
497 2276 572 2318 hic
599 2275 808 2332 vulgatae
837 2273 1046 2318 lectionis
1077 2288 1231 2318 errore
1261 2277 1376 2336 inter
1403 2273 1636 2318 Ennianos

204 2350 325 2392 solet
354 2349 526 2392 haberi·
557 2349 636 2404 (cf.
669 2350 926 2405 Spangenb.
955 2349 1054 2391 VII.
1092 2350 1163 2391 47.
1192 2363 1236 2404 p.
1277 2348 1370 2399 98.)
1409 2348 1471 2391 At
1509 2348 1640 2391 codd.

203 2422 360 2477 optimi
389 2422 535 2465 Havn.
565 2422 760 2466 Florent.
793 2421 903 2466 Cod.
934 2421 988 2465 Β.
1016 2413 1133 2478 Aug.
1175 2428 1219 2465 et
1254 2420 1381 2466 Vetr.
1415 2421 1464 2465 in
1499 2433 1640 2477 marg.

202 2504 247 2540 et
276 2496 406 2539 Paris
438 2511 466 2540 a
495 2504 541 2540 et
571 2498 612 2540 b.
643 2497 859 2552 praebent
887 2509 1051 2539 nomen
1078 2494 1209 2539 Nevii
1240 2503 1316 2539 aut
1343 2493 1518 2539 Naevii.

736 2554 948 2607 Fragm.
978 2553 1114 2596 LXII.

321 2611 370 2654 In
410 2612 565 2654 eodem
608 2611 828 2654 Varronis
866 2610 981 2653 libro
1019 2625 1062 2665 p.
1105 2610 1191 2654 153
1237 2609 1313 2665 Sp.
1363 2609 1451 2652 hoc
1495 2614 1641 2652 exstat

202 2685 497 2742 fragmentum
528 2700 556 2728 a
588 2686 923 2741 Spangenberg.
955 2685 1192 2728 omissum:
