1814 2767
1575 168 1627 213 11

195 292 267 330 tur
300 284 460 330 meruit
497 284 613 330 inter
633 283 856 340 „legiones
892 281 1169 338 Campanas,
1206 295 1324 340 quae
1359 294 1568 328 seorsum
1597 296 1628 327 a

195 359 449 418 legionibus
477 372 586 408 vere
621 357 822 404 romanis
845 356 1059 401 ‘militiam
1094 355 1318 402 subibant.
1376 358 1504 407 Quae
1532 372 1628 402 om·

196 435 273 480 nia
291 434 547 480 accuratius
566 432 773 490 exposui,
802 438 1042 488 propterea
1059 433 1180 490 quod
1207 431 1257 485 ii,
1286 430 1378 490 qui,
1391 438 1442 475 ut
1454 432 1631 476 maula

197 510 391 569 quadam
417 514 662 567 aspergant
688 501 865 564 poesim
891 520 1144 561 romanam,
1182 520 1213 550 a
1240 505 1461 551 libertinis
1487 507 1626 551 maxi·

195 597 270 629 me
297 595 396 629 eam
425 598 533 630 esse
560 581 781 628 excultam
808 582 1097 636 contendunt,
1129 581 1250 626 haud
1277 594 1382 626 rare
1410 581 1630 626 Naevium

197 673 375 717 quoque
401 666 581 715 praeter
608 658 799 712 Livium,
834 658 1105 712 Terentium,
1144 656 1400 702 Cornelium
1435 656 1629 711 Gallum,

196 733 430 778 Horatium
456 735 574 777 inter
601 733 834 777 libertinos
862 732 1076 776 referunt.

312 806 414 858 Qua
440 821 492 852 re
511 821 647 865 quum
664 814 773 851 natu
800 807 915 851 liber
933 814 1060 852 esset
1077 806 1293 860 NaeviuS,
1323 817 1487 850 nomen
1510 806 1628 849 Nae·

196 882 258 925 vii
296 895 398 927 eum
432 882 479 925 in
514 881 662 937 patria
701 880 932 936 Campana
967 881 1057 924 iam
1095 881 1300 937 gessisse
1334 888 1457 936 puto.
1515 880 1632 923 Nam

197 956 491 1011 municipes,
512 956 586 1013 qui
616 955 763 1011 patria
790 955 949 998 relicta
975 969 1072 998 rem
1110 967 1238 998 suam
1265 954 1454 998 Romam
1482 962 1629 999 trans-

160 1075 164 1086 ·
197 1029 428 1082 locabant,
457 1044 549 1072 non
577 1030 623 1072 in
654 1036 829 1086 gentem
860 1030 1105 1086 quandam,
1135 1030 1264 1073 cuius
1283 1040 1447 1072 nomen
1476 1029 1630 1072 indue-

196 1105 317 1156 bant,
346 1105 695 1158 recipiebantur,
733 1105 817 1147 sed
845 1118 931 1146 suo
961 1104 1166 1155 nomine,
1207 1102 1326 1159 quod
1355 1104 1445 1145 iam
1473 1103 1520 1144 in
1550 1090 1630 1158 pa·

196 1178 282 1221 tria
297 1184 548 1234 gesserant,
578 1176 826 1221 aCensore
855 1162 1140 1230 inter'cives,
1172 1190 1326 1221 verum
1357 1178 1473 1221 inter
1501 1189 1631 1221 aera-

196 1252 290 1294 rios
321 1253 629 1295 censebantur.
678 1252 839 1294 Naevii
868 1263 978 1293 vero
1007 1252 1202 1293 nominis
1233 1252 1360 1307 origo
1392 1265 1449 1294 ex
1477 1251 1633 1308 lingua

199 1325 344 1380 opica,
374 1339 490 1382 quae
506 1324 747 1381 Campanis
777 1331 874 1369 erat
894 1325 1075 1378 usitata,
1106 1332 1177 1369 est
1206 1326 1462 1369 derivanda.
1506 1325 1635 1370 Sicut

198 1400 318 1443 enim
355 1399 504 1442 Attius
544 1412 572 1441 a
612 1400 781 1442 Sabina
819 1413 934 1442 voce
970 1399 1123 1453 Atta,
1166 1400 1352 1453 Attus,
1399 1400 1566 1443 Varius
1605 1412 1634 1443 a

197 1473 417 1517 vocabulo
449 1473 580 1527 opico
614 1474 863 1526 „Varus,⁶<
901 1473 1089 1517 Servius
1119 1488 1149 1516 a
1179 1474 1422 1518 »Servus«
1452 1481 1524 1517 est
1553 1475 1629 1518 de·

197 1548 451 1598 rivanduin,
491 1547 560 1589 sic
588 1548 789 1590 Naevius
830 1561 1007 1604 quoque
1042 1548 1097 1590 ab
1129 1549 1261 1602 opica
1288 1562 1402 1591 voce
1432 1549 1631 1600 Naev‘us‚

199 1634 314 1677 quae
343 1621 389 1663 in
420 1634 610 1675 corpore
639 1619 964 1678 ὗπερσάρκωσιν
995 1621 1085 1674 (cf.
1116 1621 1231 1665 Gell.
1251 1623 1382 1665 Noct.
1410 1622 1503 1665 Att.
1533 1621 1633 1665 ΧΠ.

200 1695 274 1748 l.)
306 1694 541 1751 significat,
572 1695 895 1739 nominabatur.
947 1697 1140 1738 Nomina
1169 1697 1226 1738 ad
1257 1697 1444 1739 eandem
1474 1695 1630 1739 analo-

200 1769 318 1826 giam
357 1769 607 1825 composita
643 1770 731 1813 vid.
778 1771 896 1825 apud
936 1770 1170 1826 Sigonium
1217 1770 1304 1824 (de
1343 1784 1461 1814 nom.
1501 1770 1629 1814 Rom.

200 1857 298 1898 cap.
329 1843 405 1887 1V.
435 1844 480 1887 in
512 1843 675 1887 Graev.
705 1842 820 1886 thes.
859 1845 995 1901 antiq.
1026 1844 1152 1888 Rom.
1188 1852 1292 1889 tom.
1325 1845 1378 1888 11.
1409 1860 1452 1901 p.
1486 1845 1632 1899 1970)

336 2114 441 2149 quum
466 2103 639 2138 triumviri
670 2103 713 2137 de
746 2105 883 2139 sceiere
908 2115 1026 2138 eornm
1054 2108 1210 2149 tantum,
1244 2106 1304 2153 qui
1329 2116 1407 2141 cum
1434 2106 1533 2141 cives
1558 2117 1630 2141 non

336 2171 469 2212 essent,
498 2171 617 2201 tamen
642 2167 678 2201 in
704 2168 782 2202 urbi
806 2168 1027 2212 habitarent,
1061 2180 1104 2203 ac
1129 2169 1172 2203 de
1196 2169 1327 2205 vilibus
1351 2171 1515 2215 personis
1540 2170 1632 2205 iudi-

336 2234 470 2274 carent,
495 2231 732 2276 facinorisque
758 2231 941 2265 convictos
966 2232 1143 2276 punirent,
1177 2233 1244 2266 hac
1269 2237 1464 2267 commotus
1490 2244 1628 2269 caussa.

335 2294 510 2328 Naevium
537 2304 676 2338 quoque
701 2305 771 2327 non
798 2294 911 2328 civem
936 2294 1044 2328 fuisse
1066 2295 1268 2331 contendat.
1307 2295 1380 2330 Sed
1401 2308 1506 2341 quum
1526 2297 1631 2330 etiam

336 2355 404 2389 hoc
428 2356 689 2389 triumvirorum
714 2368 840 2391 munus
866 2360 972 2400 esset,
998 2360 1035 2390 ut
1060 2368 1082 2391 a
1104 2361 1269 2403 praetore
1295 2358 1481 2393 damnatos
1507 2360 1543 2393 in
1557 2369 1631 2393 car-

337 2428 454 2451 cerem
481 2416 717 2462 deducerent,
750 2424 784 2453 et
809 2420 872 2454 Cn.
898 2420 1066 2463 Naevius,
1094 2424 1130 2454 ut
1155 2422 1246 2455 liber
1270 2422 1453 2467 municeps
1479 2422 1630 2470 'Campa-

337 2489 414 2523 nuS,
441 2490 560 2514 eorum
586 2481 662 2517 foro
688 2481 851 2517 addictus
877 2487 983 2526 esset,
1011 2482 1057 2526 id,
1086 2483 1179 2527 quod
1205 2485 1424 2528 protulerunt
1443 2495 1628 2528 argumen-

339 2547 409 2576 tum
426 2568 435 2585 ,
462 2543 505 2576 ad
532 2555 644 2577 meam
673 2545 936 2579 disturbandam
964 2546 1172 2580 sententiam
1201 2548 1283 2580 mihi
1318 2547 1402 2580 nihil
1438 2547 1555 2580 valere
1582 2548 1628 2580 vi*

340 2605 451 2640 detur.
489 2605 543 2638 De
569 2618 607 2639 re
635 2608 678 2642 cf.
705 2608 808 2642 Fabr.
837 2609 990 2643 Semest.
1016 2609 1097 2645 libr.
1125 2610 1171 2644 11.
1198 2613 1230 2653 5,
1257 2613 1287 2644 θ.
1314 2610 1489 2644 Reuvard.
1517 2612 1632 2644 vario-

338 2679 411 2705 rum
439 2669 516 2703 libr.
544 2669 589 2704 11.
620 2686 660 2693 «-
