1814 2767
190 147 246 194 12

191 269 324 320 atque
352 262 465 311 1.(3.
480 262 701 310 Orellitun
728 265 807 320 (in
838 265 1028 312 Exeurs.
1057 266 1133 311 VI.
1162 267 1221 312 ad
1236 266 1329 314 cie„
1360 276 1441 328 pro
1455 271 1623 319 Planco

190 351 231 382 e.
259 337 332 383 24.
361 353 406 395 p.
434 338 569 395 259).
611 339 858 398 Utrumque
885 354 996 386 vero
1025 355 1187 387 nomen
1205 343 1405 389 NaevIus
1434 352 1480 390 et
1505 348 1622 393 Nae·

191 423 279 456 vus
304 412 372 457 ita
399 413 569 468 differt,
605 421 656 458 ut
682 414 883 460 Naevius
911 416 1080 481 gentile
1116 416 1199 471 sit,
1237 423 1397 464 eontra
1424 418 1624 474 Naevus,

191 488 315 545 quod
342 494 388 532 et
416 487 647 541 Gnaevus,
678 488 864 534 Gnaeus
894 490 978 543 (ut'
990 497 1168 549 gnatus,
1185 497 1388 548 gnatum,
1402 492 1624 551 fragmen-

190 561 316 615 tnm)
354 567 402 606 et
431 561 613 607 Gnaeus
650 562 932 608 scribebatur
966 563 1057 621 (ef.
1093 563 1210 623 Epit.
1248 565 1305 610 de
1340 566 1507 613 nomia.
1543 573 1626 612 rat.

190 636 238 679 In
265 634 370 680 val.
398 635 584 681 Maxim.
598 637 672 683 ed.
690 636 872 694 Bipont.
897 653 943 693 p.
956 639 1099 693 497),
1129 653 1375 698 cognomen
1403 641 1478 695 sit,
1508 642 1629 699 quod

189 709 342 754 multis
371 709 581 756 adhaesit
607 712 838 769 gentibns3
874 718 925 755 nt
951 712 1095 756 videri
1133 712 1241 758 lieet
1277 727 1332 759 ex
1363 713 1628 772 Glandorpii

192 784 487 832 Onomastico
516 791 562 829 et
589 785 838 829 Drumanni
866 785 925 830 V.
945 785 1025 831 eL:
1057 786 1193 842 Θεία).
1214 789 1284 832 δοῦ
1302 785 1425 833 mm.
1447 789 1629 834 &tentes

192 871 233 903 u.
263 858 291 912 s.
321 870 373 903 ω.
402 881 460 890 -
489 858 682 903 Gentem
708 873 819 904 vero
849 860 1123 905 Naeviorum
1154 862 1287 906 etiam
1314 861 1487 905 Romae
1516 863 1628 905 anti·

192 931 454 988 quissimam
482 931 628 977 fuisse
658 947 716 978 ex
743 934 925 978 nomine
953 941 1112 991 portae
1141 935 1355 987 Naeviae,
1381 948 1513 991 quam
1540 935 1629 978 iam

190 1006 335 1061 primo
364 1005 536 1050 liberae
563 1007 839 1063 reipublicae
868 1015 1071 1064 tempore
1099 1009 1198 1053 Liv.
1225 1008 1324 1052 libr.
1358 1008 1413 1050 11.
1443 1008 1514 1052 11.
1543 1007 1628 1063 (of.

191 1079 314 1124 Fest.
344 1093 383 1124 s.
412 1094 456 1124 v.
486 1081 638 1138 ibique
668 1080 823 1135 Seal.)
852 1082 1068 1134 nominat,
1099 1082 1289 1138 colligo:
1318 1095 1474 1126 verum
1501 1082 1629 1140 igno·

193 1153 297 1197 bilis
327 1161 426 1198 erat
454 1161 500 1198 et
527 1155 706 1211 plebeia
733 1154 849 1199 haee
891 1168 1005 1212 gens
1036 1155 1169 1198 etiam
1197 1163 1382 1211 postero
1416 1162 1630 1212 tempore.

191 1227 355 1272 Mirum
384 1236 533 1273 autem
563 1236 656 1283 est,
697 1231 818 1287 quod
855 1235 959 1273 ante
996 1236 1156 1285 poetae
1192 1236 1384 1274 aetatem
1411 1243 1633 1288 nusquam

193 1304 396 1347 Naevius
427 1305 666 1361 quisquam
693 1304 741 1345 in
770 1303 899 1346 Rom.
930 1304 1110 1347 civitate
1139 1304 1406 1357 nominatur,
1441 1305 1545 1347 inde
1576 1305 1634 1347 ab

194 1378 297 1423 eius
326 1384 475 1422 aetate
504 1391 615 1422 vero
645 1377 793 1429 multi;
823 1378 879 1421 de
909 1378 1071 1435 quibus
1087 1376 1141 1420 cf.
1155 1377 1254 1422 Liv.
1268 1378 1364 1421 XL.
1386 1378 1455 1422 13.
1469 1378 1634 1422 XXIV.

195 1453 267 1497 4⁰.
304 1452 558 1496 XXXVIII.
598 1452 669 1496 32.
707 1451 958 1495 XXXVIII.
993 1451 1066 1494 56.
1103 1450 1208 1494 Val.
1244 1450 1366 1494 Max.
1402 1450 1478 1494 III.
1515 1450 1556 1493 7.
1596 1451 1634 1493 l.

197 1525 293 1571 cic.
330 1526 378 1569 in
417 1525 544 1570 Verr.
570 1526 625 1570 11.
654 1525 695 1571 8.
734 1525 793 1570 V.
822 1525 903 1577 413
945 1538 1034 1582 qua
1062 1539 1113 1569 re
1142 1525 1243 1582 quis
1271 1523 1463 1568 forsitan
1500 1538 1632 1583 argu·

197 1600 388 1644 mentari
415 1599 579 1655 possit,
617 1613 698 1644 eos
728 1613 758 1643 a
786 1598 962 1644 Naevio
991 1605 1129 1655 poeta
1155 1605 1201 1643 et
1228 1612 1391 1643 nomen
1423 1605 1468 1643 et
1496 1599 1633 1657 origi-

196 1688 301 1719 nem
333 1674 544 1718 traxisse.

314 1760 416 1811 Quo
445 1767 648 1817 tempore
671 1759 870 1804 Naevius
898 1765 1056 1803 noster
1084 1765 1217 1802 natus
1247 1758 1322 1813 sit,
1351 1765 1429 1803 aut
1459 1759 1635 1816 quando

197 1835 388 1879 Romam
416 1834 686 1890 pervenerit,
716 1835 848 1877 nobis
878 1847 970 1876 non
997 1839 1068 1876 est
1095 1833 1325 1888 traditum3
1355 1840 1402 1875 at
1431 1846 1488 1876 ex
1518 1845 1637 1875 anno

198 1924 287 1967 quo
316 1909 507 1965 primam
535 1909 583 1952 in
612 1922 797 1953 scenam
826 1907 962 1951 edidit
989 1906 1199 1960 fabulam,
1231 1907 1287 1949 de
1318 1921 1405 1963 quo
1435 1904 1553 1949 infra
1571 1905 1637 1949 lo-

197 1984 343 2030 cuturi
373 1997 544 2037 sumus,
586 1982 900 2039 probabilitate
930 1982 1122 2039 quadam
1150 1982 1197 2024 id
1231 1975 1638 2037 colligere'possu-

200 2072 315 2102 mus.
347 2082 397 2088 —
429 2058 522 2101 Diu
549 2072 658 2101 vero
688 2058 859 2100 Romae
888 2056 1121 2100 habitasse
1150 2055 1257 2098 mihi
1286 2055 1475 2107 videtur,
1514 2054 1554 2097 si
1585 2067 1641 2097 ex

201 2132 542 2189 corruptissimo
571 2131 633 2175 M.
663 2131 766 2174 Ter.
796 2130 1017 2173 Varronis
1046 2130 1150 2173 loco
1181 2130 1237 2172 de
1267 2129 1298 2171 I.
1319 2129 1349 2171 1.
1380 2129 1458 2171 IV.
1487 2129 1545 2171 45
1574 2128 1642 2170 ed.

203 2207 381 2263 Bipont.
423 2205 588 2250 coniiei
617 2204 745 2257 licet,
785 2217 814 2247 a
846 2204 1019 2247 Naevio
1058 2209 1196 2259 poeta
1232 2215 1417 2245 nemora
1453 2201 1642 2253 Naevia,

204 2295 321 2339 quae
352 2288 478 2324 erant
506 2280 631 2324 iuxta
658 2280 813 2322 urbem
843 2279 901 2321 ad
931 2284 1106 2333 portam
1134 2277 1353 2320 Naeviam
1381 2275 1494 2328 sita,
1535 2288 1642 2317 esse

202 2355 443 2400 nominata.
503 2354 596 2399 Sed
626 2367 786 2411 quum,
826 2353 948 2411 quod
984 2365 1123 2408 supra
1160 2352 1276 2403 «fixi,
1313 2357 1488 2406 portam
1518 2348 1640 2392 Nae-

205 2431 325 2474 viam
344 2429 420 2483 ἃ),
459 2430 546 2472 iam
585 2428 630 2471 in
670 2426 790 2471 bello
830 2441 930 2471 eum
960 2426 1195 2470 Porsenna
1234 2431 1364 2481 gesto
1404 2424 1559 2467 Livius
1589 2423 1643 2464 ΙΙ.

280 2653 324 2688 4)
352 2651 458 2685 Porta
483 2650 619 2685 Naevia
646 2650 714 2685 sita
740 2652 815 2684 erat
840 2649 936 2683 iuxta
970 2650 1104 2693 portam
1131 2645 1412 2686 Randuse-ulam,
1448 2642 1540 2676 inter
1567 2652 1642 2688 pm·a
