1814 2767
193 145 252 188 48

193 257 402 318 publicae
431 264 632 312 tempore
661 258 915 313 composita
924 257 1461 317 tuterisqueconsi'gmta
1489 267 1629 313 eram,

193 332 235 377 si
263 330 513 388 rythmicas
543 330 721 389 quidam
749 332 989 377 verborum
1017 344 1229 387 numerus
1243 356 1248 362 ι
1264 332 1336 378 ἥδ’
1357 334 1505 390 inerat
1530 343 1629 378 car-

193 407 317 451 mina
343 407 644 450 nominabant.
700 404 961 450 Cuiusmodi
991 414 1097 450 sunt
1124 401 1165 450 e,
1184 416 1260 464 gr.
1290 407 1436 467 Appii&
1455 410 1633 452 carmen

196 482 253 526 de
281 480 482 525 moribus
512 479 889 537 antiquissimum,
919 482 990 525 cui
1019 493 1077 525 ne
1093 488 1280 526 metrum
1293 471 1461 525 certum
1488 479 1633 525 fuisse

195 552 624 606 arbitror3.oracula
653 552 924 598 Marciorum
940 586 953 607 ,
982 555 1198 599 carmina
1224 553 1419 599 Saliari'a
1455 555 1634 613 aliaque

194 635 385 675 vetusta.
437 628 622 672 ¹Deinde
661 635 840 673 veteres
879 630 937 672 de
965 630 1192 684 poematis·
1224 629 1340 685 epici
1376 637 1548 674 natura·
1567 629 1633 672 ‘iu

193 705 455 749 universum
483 702 618 747 aliam
646 715 702 746 ac
730 715 815 746 nos
846 703 981 746 animi
1011 702 1364 748 informaverant
1391 705 1633 748 notionem:

195 792 301 842 narn
330 778 473 834 magis
502 778 562 827 ad
590 780 786 832 speciem
822 776 1100 834 formamque
1139 784 1393 822 exsternam
1431 777 1490 820 ad
1517 776 1633 830 ryth-

196 866 316 895 mum
344 881 358 904 ,
388 864 618 903 numeros,
648 837 1155 906 metrumrespexerunt,
1187 864 1316 908 quam
1347 851 1404 893 ad
1421 851 1635 893 materiae

196 926 516 978 inventionem,
549 925 735 981 eiusque
765 926 1023 969 tractandae
1054 933 1099 969 et
1135 926 1469 981 componendae
1498 925 1634 968 ratio-

198 1014 316 1043 nem.
375 998 584 1056 Denique
622 999 798 1041 inerant
837 1000 1057 1055 quaedam
1095 1001 1230 1043 etiam
1268 999 1499 1049 Naeviano
1540 1012 1634 1042 car-

199 1075 332 1127 mini,
365 1086 479 1130 quae
509 1073 554 1114 in
585 1072 916 1116 similitudinem
955 1086 1220 1128 graecorum
1259 1073 1503 1118 carminum
1542 1073 1635 1129 epi-

198 1162 353 1193 corum
383 1148 564 1191 inventa
594 1153 638 1190 et
665 1153 856 1190 tractata
886 1154 1028 1200 erant,
1073 1154 1121 1190 ut
1149 1147 1328 1191 fabulae
1368 1149 1424 1191 de
1453 1148 1637 1192 Aeneae

198 1224 244 1266 in
275 1222 446 1266 Italiam
477 1223 685 1275 adventu,
716 1222 905 1279 eiusque
935 1229 1058 1266 sorte
1089 1229 1327 1267 acnnorte.

907 1379 940 1411 4.

514 1473 593 1509 De
626 1472 867 1510 caminus
892 1472 1060 1509 forma
1083 1473 1317 1519 genuina.

267 1590 493 1644 Scriptum
515 1594 613 1630 erat
630 1587 721 1631 hoc
738 1588 898 1631 Naevii
915 1600 1092 1630 carmen
1112 1594 1252 1629 metro
1282 1587 1505 1640 Saturnio,
1522 1590 1641 1645 quod

203 1670 384 1719 praeter
403 1662 671 1718 posterioris
701 1661 862 1704 aetatis
892 1662 1205 1717 grammaticos
1234 1662 1354 1704 Fest.
1385 1675 1424 1703 s.
1453 1676 1495 1704 v.
1529 1663 1640 1705 „Sa-

205 1738 381 1780 turnio”
414 1737 697 1791 comprobat:
730 1735 934 1778 „Versus
967 1749 1142 1791 quoque
1182 1735 1506 1792 antiquissimi,
1546 1737 1640 1793 qui-

208 1812 293 1854 bus
322 1812 504 1852 Faunus
532 1810 627 1852 sata
670 1809 892 1852 cecinisse
930 1809 1183 1851 hominibus
1220 1809 1408 1863 videtur,
1445 1809 1643 1854 saturnii

207 1883 516 1941 appellantur,
548 1884 709 1940 quibus
747 1890 792 1926 et
827 1896 856 1925 a
894 1883 1067 1926 Naevio
1107 1880 1269 1927 bellum
1304 1885 1514 1939 punicum
1553 1885 1647 1940 pri<

73 1875 194 2060 sl
206 1973 324 2002 mum
355 1958 568 2013 scriptum
598 1964 708 2000 est-<⁶
768 1957 892 1999 Idem
930 1956 1101 1999 Ennius
1142 1958 1401 2013 comprobat
1437 1958 1644 2001 versibus

209 2033 287 2090 qui
315 2033 362 2075 in
391 2032 611 2075 Naevium
641 2036 873 2087 spectant:

484 2106 749 2161 „Scripsere
779 2112 825 2148 et
853 2104 929 2147 alii
958 2119 1053 2148 rem

267 2180 507 2233 Versibus,
539 2193 653 2236 quos
684 2178 793 2222 olim
820 2178 962 2222 Fauni
990 2185 1211 2236 vatesque
1240 2180 1476 2231 canebant,

269 2255 416 2304 Quum
444 2266 593 2310 neque
620 2252 851 2297 Musarum
882 2252 1098 2307 scopulos
1131 2253 1367 2310 quisquam
1397 2260 1646 2309 superarat,

327 2329 424 2372 Nec
453 2328 559 2371 dicti
590 2328 822 2371 studiosus
853 2333 993 2371 eratss‘
1053 2325 1134 2380 (οἲ.
1165 2327 1257 2372 Cic.
1286 2328 1411 2371 Brut.
1451 2328 1575 2372 1839.
1605 2343 1646 2385 q.

214 2402 340 2448 Orat.
390 2416 429 2446 c.
467 2403 540 2446 21.
579 2401 727 2445 Varro
767 2402 810 2445 d.
854 2401 884 2445 l.
923 2400 955 2444 l.
995 2401 1071 2444 Vl.
1109 2416 1154 2457 p.
1192 2403 1263 2446 88.
1301 2402 1403 2457 Bip.
1434 2402 1562 2446 Serv.
1591 2403 1650 2445 ad

213 2478 341 2534 Virg.
372 2475 541 2532 Georg.
571 2476 605 2519 1.
637 2477 706 2520 11.
733 2475 844 2518 Aur.
872 2475 991 2519 Vict.
1022 2475 1079 2518 de
1109 2474 1239 2519 Gent.
1268 2476 1398 2519 Rom.
1428 2476 1539 2532 orig.
1560 2476 1648 2519 c.4·

330 2551 504 2600 Quibus
533 2550 590 2593 de
617 2549 843 2602 versibuS,
872 2562 1006 2606 quum
1033 2558 1126 2593 non
1154 2549 1301 2593 solum
1329 2550 1446 2593 inter
1472 2555 1651 2592 veteres

217 2625 563 2678 Grammaticos,
592 2636 756 2682 magna
781 2622 917 2669 fuerit
944 2624 1187 2678 dissensio,
1218 2625 1300 2669 sed
1319 2630 1477 2668 nostra
1504 2627 1651 2667 aetate
