1814 2767
189 144 248 186 44
405 166 415 177 2
989 185 992 188 ,
1528 113 1629 153 ”

895 261 928 293 3-
1367 292 1373 301 .

337 341 552 392 Παένιι
575 345 782 428 cari-‘en
805 346 925 392 em
947 342 1133 402 pcc-a
1152 341 1469 395 mdc-n

274 465 510 529 Vossius
539 486 596 529 de
625 484 737 528 nist.
758 484 845 529 lat.
871 486 909 531 Ι.
940 501 979 531 ο
992 488 1051 531 2.
1069 437 1357 539 etNaevnnn
1381 482 1428 532 et
1440 479 1630 532 Ennium

194 558 311 602 inter
337 557 601 601 historicos
612 565 783 610 censet,
813 571 899 603 nec
926 566 1083 603 nostra
1101 560 1288 617 quidem
1308 573 1366 603 ex
1395 556 1632 613 sent-infin,

194 631 294 674 sine
332 632 454 675 iusta
496 633 692 689 quadam
731 645 910 676 caussa.
969 633 1085 677 Nam
1123 638 1175 678 re
1209 647 1320 678 vera
1355 628 1631 692 uterquess'in

193 706 382 749 materie
409 707 643 750 tractanda
670 705 934 750 historicam
962 707 1114 762 potius
1144 721 1277 765 quam
1305 693 1529 764 poeticam
1556 715 1630 752 ra·

194 781 361 823 tionem
391 787 575 824 secutus
607 794 713 823 esse
741 777 930 823 videtur.
988 781 1060 825 De
1089 781 1234 825 Ennio
1264 783 1358 825 iam
1379 783 1558 826 Cicero
1565 782 1634 825 ita

195 854 466 906 diiudicavit,
496 861 546 897 ut
575 868 676 897 eum
704 854 823 897 inter
849 855 1093 899 historicos
1122 856 1324 899 referret.
1372 855 1428 899 cs.
1458 840 1634 899 Merula

193 942 239 982 p.
270 927 328 970 V.
359 935 404 970 et
432 928 550 971 xm.
580 928 651 971 De
691 929 866 971 Naevio
904 942 1040 981 vero,
1079 930 1165 972 etsi
1204 930 1372 984 apertis
1407 929 1559 972 verbis
1587 929 1635 971 id

196 1015 289 1043 non
319 1002 469 1056 edixit,
499 1009 648 1045 tamen
677 1002 797 1045 idem
827 998 1105 1046 diiudicasse'
1139 1003 1333 1055 videtur3
1378 1004 1419 1046 si
1459 1003 1634 1060 quidem

196 1077 317 1118 iusta
345 1077 516 1118 ratione
545 1076 660 1118 haec
689 1076 788 1117 eius
829 1077 968 1117 verba
1006 1076 1370 1130 interpretamur:
1410 1076 1508 1119 „Sit
1545 1075 1633 1118 En-

196 1148 299 1190 nius
329 1162 440 1190 sane
468 1154 517 1190 ut
547 1154 669 1191 certe
700 1154 772 1191 est
799 1148 1040 1203 perfectior
1069 1149 1307 1203 (Naevio),
1338 1150 1413 1206 qui
1435 1150 1474 1193 si
1495 1149 1633 1202 illum,

197 1229 246 1264 ut
281 1221 484 1273 simulat,
525 1229 850 1275 contemneret,
887 1237 974 1266 non
1014 1224 1163 1266 omnia
1201 1223 1322 1267 bella
1356 1236 1635 1280 persequens

197 1294 388 1352 primum
427 1297 538 1339 illud
574 1298 787 1352 punicum
824 1298 1095 1341 acerrimum*
1127 1297 1290 1340 bellum
1336 1298 1636 1355 reliquisset.“

200 1370 258 1414 cf.
286 1370 412 1414 Brut.
443 1385 479 1414 c.
511 1370 580 1414 19.
609 1372 725 1413 Nam
754 1372 796 1413 si
831 1372 1032 1413 Naevius
1070 1371 1234 1413 bellum
1271 1370 1380 1411 illud
1420 1370 1638 1413 historica

199 1444 389 1496 ratione,
420 1444 484 1486 ita
511 1451 561 1486 ut
589 1443 849 1499 simpliciter
879 1445 938 1486 ad
966 1457 1182 1488 annorum
1221 1443 1384 1486 seriem
1420 1457 1496 1486 res
1533 1457 1634 1500 ges-

200 1524 272 1560 tas
301 1525 519 1570 narraret,
550 1524 806 1570 tractasset,
838 1518 957 1560 iusta
985 1517 1067 1560 fuit
1095 1516 1239 1559 Ennio
1279 1517 1377 1559 eius
1408 1517 1637 1560 omittendi

202 1605 392 1635 caussat
424 1593 463 1634 si
494 1604 603 1635 vero
633 1592 835 1635 Naevius
863 1592 1044 1647 poetica
1073 1597 1168 1634 arte
1198 1597 1244 1634 et
1271 1591 1499 1646 implicata
1526 1605 1636 1647 poe-

201 1667 268 1709 sis
310 1667 440 1721 epica
476 1668 650 1709 ratione
690 1667 736 1708 id
773 1666 1072 1719 celebrasset,
1113 1667 1241 1709 cuius
1278 1673 1439 1708 natura
1477 1672 1561 1718 est,
1590 1672 1640 1708 ut

200 1754 294 1783 non
340 1741 388 1782 in
431 1741 617 1783 materie
668 1739 791 1792 sola,
831 1741 914 1783 sed
952 1741 998 1782 in
1038 1753 1204 1797 genere
1231 1740 1342 1783 ‘eius
1378 1740 1637 1783 tractandae

204 1829 425 1857 summum
460 1829 658 1871 vereque
698 1816 817 1871 quod
865 1814 1120 1857 nominatur
1160 1815 1385 1869 poeticum
1428 1815 1488 1857 sit
1537 1815 1639 1866 sita,
1716 1852 1719 1855 ⁴

204 1889 385 1932 omnino
414 1889 540 1932 nulla
568 1889 651 1931 fuit
680 1902 862 1941 caussa,
893 1903 980 1945 qua
1010 1895 1256 1933 commotus
1284 1888 1522 1932 Enniusab
1550 1889 1638 1932 isto

203 1971 397 2007 connata
441 1964 695 2006 desisteret.
770 1963 929 2015 Nulla,
979 1971 1027 2005 ut
1085 1962 1335 2018 exemplum
1383 1963 1638 2018 praebeam,

205 2038 382 2094 graecis
412 2039 560 2092 poetis
589 2050 757 2080 caussa
784 2036 881 2090 fuit,
915 2051 996 2080 cur
1025 2038 1181 2080 iterum
1211 2043 1343 2094 atque
1363 2037 1521 2080 iterum
1549 2042 1637 2079 tra-

207 2119 381 2155 ctarent
409 2110 606 2154 fabulam
642 2111 904 2163 thebanam,
942 2111 1077 2154 toties
1116 2112 1206 2153 iam
1234 2112 1282 2153 in
1322 2124 1506 2153 scenam
1534 2124 1638 2165 pro-

207 2188 398 2238 ductam,
430 2186 662 2241 epicisque
692 2185 962 2228 carminibus
993 2185 1277 2227 celebratam.
1335 2183 1435 2226 nuc
1468 2183 1643 2226 accedit

208 2258 396 2302 alterum
424 2260 559 2316 idque
599 2259 912 2315 gravissimum
952 2264 1258 2314 argumentum
1298 2264 1385 2314 quo
1424 2256 1641 2300 Naevium

208 2333 396 2376 annales
425 2334 577 2389 potius
605 2334 813 2376 versibus
843 2333 1097 2384 adstrictos,
1130 2345 1260 2389 quam
1277 2344 1457 2374 carmen
1467 2331 1643 2388 epicum

209 2409 454 2465 scripsisse
485 2414 684 2465 apparet.
737 2408 851 2451 Nam
882 2408 1104 2465 quomodo
1135 2407 1231 2450 fieri
1262 2407 1418 2462 potuit,
1447 2413 1496 2450 ut
1522 2406 1641 2449 Nae-

209 2484 309 2525 vius
339 2483 448 2524 illud
477 2481 656 2534 bellum,
686 2482 759 2526 cui
790 2481 889 2536 ipse
920 2481 1145 2531 intererat,
1191 2479 1318 2523 cuius
1356 2479 1460 2521 viva
1499 2477 1645 2520 adhuc

211 2557 325 2598 inter
355 2557 586 2599 Romanos
617 2555 822 2597 exstabat
850 2553 1078 2604 memoria,
1110 2553 1195 2595 sibi
1226 2552 1455 2595 materiem
1485 2549 1642 2593 carmi-

214 2631 285 2672 nis
328 2631 441 2684 epici
483 2630 715 2680 sumserit,
765 2629 898 2683 idque
937 2640 1043 2671 vere
1084 2629 1261 2681 poetico
1311 2631 1467 2667 ornatu
1513 2628 1644 2679 atque
