1814 2767
178 147 237 192 54

174 261 386 320 aliisque
400 262 664 310 felicissime
699 271 747 310 et
778 265 1046 312 doctissime
1080 265 1186 313 nint
1198 269 1401 323 metati,
1442 283 1502 318 ne
1521 270 1618 316 iam

177 338 388 382 absoluta
415 340 565 384 denuo
594 338 836 396 proferam,
864 340 955 386 hoc
981 338 1085 386 loco
1115 341 1296 386 omitto..

178 412 261 467 (ci.
292 413 552 458 Groteiend.
583 414 780 458 Gramm.
816 414 870 458 11.
900 416 1000 461 294.
1037 414 1191 470 Meyer
1225 414 1416 462 AnthoL
1449 417 1481 461 Ι.
1517 370 1619 461 299

180 487 366 532 Schoell
395 488 582 531 histoire
611 489 765 544 abreg
795 490 852 532 de
882 489 936 532 la
957 490 1039 533 litt
1068 491 1304 541 romaine.)

264 561 395 607 H-uc
421 561 644 610 referendi
674 569 793 608 sunt
807 577 970 608 versus
989 563 1298 620 triumphales,
1328 577 1517 621 quorum
1530 564 1619 608 duo

181 634 347 679 Atilius
386 637 673 680 Fortunatius
712 651 758 692 p.
793 637 909 681 2680
947 639 1017 681 ed.
1058 639 1112 682 P.
1148 638 1392 683 memoriae
1420 637 1620 682 tradidit:

181 709 250 754 Ex
271 710 414 756 -Acilii
445 711 704 757 Glabrionis
731 711 883 757 tabula
909 711 1030 756 hunc
1057 726 1263 757 versum.

319 786 480 828 Fundit
506 785 633 843 fugat
660 786 909 841 prosternit
953 785 973 840 ΙΙ
1021 787 1240 830 maximas
1267 785 1486 844 legidues.

294 859 496 904 Alterum
527 874 709 902 versum
736 860 992 904 huiusmodi
1023 875 1076 904 se
1104 862 1150 903 in
1191 860 1413 916 Capitolio
1451 859 1622 917 legisse
1679 858 1687 861 ’

183 933 364 975 tradidit
392 933 531 976 hunc:
758 940 762 946 ¹
847 971 854 982 .

336 1009 546 1052 Summas
577 1010 691 1065 opes
722 1011 797 1066 qui
825 1010 980 1064 regum
1029 1011 1050 1063 Η
1097 1010 1249 1066 regias
1279 1008 1477 1066 refregit.

300 1083 474 1131 Quibus
504 1083 669 1125 addere
698 1096 942 1138 possumus
980 1082 1102 1126 aliud
1139 1082 1429 1127 memorabile
1469 1083 1621 1128 Satur·

182 1157 245 1199 nii
274 1157 488 1200 carminis
518 1156 785 1212 exemplum,
816 1157 936 1213 quod
965 1157 1085 1212 apud
1122 1156 1221 1201 Liv.
1250 1157 1343 1202 XL.
1373 1158 1431 1201 52
1462 1164 1622 1209 exstat,

181 1230 307 1274 cuius
338 1219 528 1285 primum
557 1244 740 1276 versum
768 1230 906 1274 refert
934 1230 1099 1283 Atilius
1129 1232 1251 1275 Fort.
1280 1231 1310 1275 l.
1340 1231 1369 1275 1.
1399 1231 1593 1275 huncce:

275 1303 441 1348 Due116
471 1305 634 1362 magud
665 1304 915 1348 dirimundo
964 1304 984 1359 ΙΙ
1032 1305 1217 1362 regibus
1247 1305 1524 1362 subigdndis.

186 1378 264 1434 (cf.
293 1379 445 1423 Herm.
476 1379 604 1423 elem.
635 1395 678 1435 p.
708 1380 834 1430 616.)

302 1453 467 1497 Cetera
502 1468 611 1496 vero
650 1457 800 1496 omnia
836 1454 1086 1511 fragmenta
1125 1454 1458 1511 antiquissima,
1509 1466 1624 1510 quae

184 1527 270 1570 viri
301 1526 552 1571 doctissimi
582 1528 883 1581 Hermannus,
915 1527 1215 1571 Grotefendus
1253 1527 1418 1584 aliique
1456 1527 1519 1570 ita
1554 1541 1623 1571 re-

151 1648 153 1652 ,
185 1602 371 1644 stituere
403 1608 448 1644 et
477 1616 642 1645 sanare
674 1603 824 1646 conati
855 1610 972 1655 sunt,
1003 1609 1050 1645 ut
1080 1602 1277 1645 Saturnii
1317 1615 1479 1644 versus
1521 1615 1623 1644 eva-

183 1676 306 1728 dant,
337 1690 393 1719 eo
425 1677 556 1719 omisi
588 1677 793 1730 consilio,
824 1678 943 1733 quod
986 1677 1147 1733 partim
1176 1683 1361 1732 propter
1390 1676 1625 1718 maximam

183 1764 341 1793 eorum
370 1751 614 1806 perniciem
642 1758 689 1793 ct
718 1751 1014 1806 corruptelam
1032 1764 1088 1794 ea
1116 1758 1310 1795 tractare
1339 1765 1431 1794 non
1462 1749 1623 1800 auden,

182 1825 344 1880 partim
375 1839 431 1867 ea
461 1833 580 1868 certo
593 1826 785 1882 quodam
814 1833 956 1868 metro
973 1825 1187 1868 adstricta
1215 1825 1358 1869 fuisse
1379 1825 1492 1868 satis
1522 1838 1624 1880 per-

186 1912 371 1942 suasum
402 1913 493 1941 non
524 1899 685 1942 habeo.
739 1899 999 1942 Cuiusmodi
1031 1907 1135 1942 sunt
1162 1914 1254 1942 non
1285 1900 1430 1942 solum
1459 1900 1625 1941 multae

182 1974 503 2028 inscriptiones
535 1974 890 2031 antiquissimae,
922 1975 1003 2016 sed
1040 1973 1168 2030 leges
1207 1988 1384 2031 quoque
1422 1980 1625 2017 vetustae

129 2101 144 2113 ι
185 2048 358 2091 Numae
389 2048 595 2103 Pompilii
627 2055 671 2092 et
700 2049 936 2093 duodecim
966 2049 1583 2092 tabularum·

300 2122 441 2164 Multo
472 2121 630 2164 facilor
661 2124 715 2165 de
736 2123 851 2165 Livii
880 2123 1127 2165 Andronici
1156 2123 1363 2165 versibus
1387 2121 1626 2174 Saturniis,

187 2199 260 2255 qui
293 2212 348 2241 ex
378 2198 476 2240 eius
509 2198 719 2253 Odyssea
749 2198 896 2241 adhuc
925 2205 1125 2248 exstant,
1164 2199 1368 2252 quaestio
1409 2203 1500 2247 est,
1542 2197 1626 2237 etsi

185 2272 319 2316 iuz‘iis
350 2287 528 2329 quoque
558 2273 722 2328 ubique
751 2272 879 2315 varia
908 2285 1117 2315 versuum
1148 2285 1317 2328 genera
1334 2270 1471 2313 Henr.
1501 2269 1624 2312 Diiu-

186 2356 339 2391 tzerus
369 2348 414 2389 in
453 2347 480 2390 l.
512 2347 542 2390 l.
583 2346 862 2390 conformare
901 2347 1082 2390 studuit.
1143 2347 1289 2395 Quum
1327 2360 1438 2389 vero
1478 2346 1628 2389 omnia

186 2423 285 2466 eius
316 2420 565 2478 fragmenta
594 2428 784 2465 tractare
815 2433 962 2479 neque
992 2421 1038 2463 in
1077 2428 1224 2465 mente
1255 2420 1345 2474 sit,·
1381 2434 1528 2477 neque
1569 2419 1625 2462 ad

187 2498 335 2550 finem,
366 2511 498 2554 quem
529 2498 659 2540 nobis
690 2498 1031 2553 proposuitnus,
1061 2496 1370 2540 necessarium
1407 2496 1626 2545 videatur,

187 2585 244 2616 ea
272 2579 441 2615 tantum
470 2571 711 2628 proferam,
744 2585 860 2629 quae
881 2584 972 2615 non
1002 2571 1396 2619 minutaversuum
1415 2568 1626 2619 membra,

187 2648 270 2690 sed
300 2647 518 2704 integrum
550 2660 730 2690 versum
749 2646 895 2691 fuisse
926 2647 1126 2690 arbitror.
1165 2669 1219 2677 ·-
1251 2646 1352 2695 Qua
1382 2645 1426 2687 in
1458 2657 1508 2685 re
1536 2656 1626 2684 non
