1814 2767
191 239 338 286 canda
373 239 602 286 videntur.
642 240 844 292 Quorum
876 240 1090 298 primum,
1128 241 1250 301 quod
1284 244 1408 301 apud
1443 244 1625 291 Festum
1695 248 1703 254 “

190 328 230 359 s.
257 328 303 359 v.
331 326 494 360 moene
523 321 672 360 exstat
699 314 774 359 his
802 316 981 362 verbisz

307 378 470 446 „Apud
489 391 735 446 emporium
763 391 811 434 in
825 404 986 448 campo
1000 391 1197 437 hostium
1214 406 1300 449 pro
1321 402 1510 439 moeness
1536 394 1629 438 iam

191 462 241 508 C.
270 463 326 508 Ο.
355 463 604 510 Muellerus
633 463 691 508 ad
720 464 840 510 Fest.
869 466 1043 512 Naevio
1078 467 1359 514 tribuendum
1389 467 1506 520 ,⁷esse
1541 482 1624 526 pu·

189 539 323 583 tavit:
352 539 442 583 duo
480 540 572 600 alia
607 539 788 584 exhibet
824 539 985 586 Naevii
1020 542 1202 587 nomine
1236 543 1387 586 addito
1423 544 1627 588 Isidorus
1673 591 1676 594 ,

189 612 246 657 de
277 613 433 671 Origg.
469 613 568 658 libr.
599 613 657 659 V.
685 614 745 659 2ss
774 621 819 659 et
846 614 969 660 XVI.
999 616 1039 659 7.
1068 616 1162 661 sic:
1198 616 1327 662 Mare
1354 617 1626 663 interbibere

190 708 249 719 —-·
279 687 467 732 alterum
495 690 586 732 sic:
616 689 827 734 Trionem
854 689 930 733 hic
948 691 1206 734 moderatur
1221 692 1432 737 rusticus.
1460 715 1519 724 ·—·
1545 692 1625 736 Al-

188 767 333 805 terum
362 763 421 806 ad
448 776 628 819 pugnae
658 764 890 808 cuiusdam
918 764 1095 809 navalis
1125 766 1485 821 descriptionem,
1514 766 1627 810 alte·

189 849 289 879 rum
317 837 375 879 ad
403 836 626 894 Regulum
654 836 762 880 mihi
802 844 1012 894 spectare
1046 839 1236 884 videtur.
1291 839 1496 898 Denique
1534 841 1624 884 duo

188 909 322 954 valde
353 911 599 956 dilacerata
626 912 748 956 Fest.
778 927 816 957 s.
847 928 890 957 v.
914 927 1029 957 runa
1058 921 1103 958 et
1131 929 1169 959 s.
1199 928 1245 959 v.
1274 913 1517 959 Sublicium
1546 929 1625 959 ex-

187 981 326 1039 hibet,
366 1000 482 1043 quos
518 1000 682 1030 versus
719 986 954 1041 Ursinius,
993 1001 1184 1046 eumque
1233 996 1416 1034 secutus
1463 990 1625 1034 Linde-

188 1073 379 1104 manuus
409 1061 479 1104 sic
507 1060 747 1105 restituere
776 1068 966 1105 conatus
997 1069 1092 1106 estz

308 1135 485 1184 „Quum
514 1134 730 1192 liquidum
760 1135 951 1179 sublicio
981 1142 1128 1179 tranat
1155 1142 1286 1192 porte
1314 1145 1518 1180 amnemu

303 1208 404 1253 „Ab
423 1208 589 1252 tabulis
610 1209 686 1264 qui
697 1208 843 1252 adhuc
861 1223 1026 1253 nomen
1040 1211 1202 1253 retinet
1219 1209 1445 1254 Sublicius
1466 1211 1631 1267 pons.“

307 1281 400 1326 Sed
428 1289 519 1325 tam
548 1283 721 1327 incerta
748 1284 903 1339 potius
933 1285 1210 1338 omittamus,
1241 1298 1374 1342 quam
1409 1285 1457 1328 in
1493 1285 1625 1329 resti-

188 1357 368 1402 tuendis
396 1356 564 1402 frustra
592 1371 777 1414 operam
804 1359 1062 1414 perdamus.

708 1432 916 1489 Fragm.
943 1433 1104 1476 LXIX.

183 1558 188 1563 ,
301 1505 511 1563 Denique
539 1504 836 1563 fragmentum
851 1507 1165 1550 brevissimum
1195 1512 1343 1549 exstat
1369 1507 1489 1562 apud
1507 1506 1630 1550 Fest.

187 1592 228 1624 s.
277 1591 320 1624 v.
368 1579 623 1623 Pisatilem:
668 1580 930 1632 „Pisatilem
973 1579 1357 1623 Pantaleontem.“
1427 1579 1490 1623 At
1538 1580 1629 1623 etsi

191 1653 441 1698 Muellerus
470 1653 515 1696 h.
544 1653 574 1695 1.
603 1653 692 1697 hoc
732 1652 1029 1710 fragmentum
1072 1667 1099 1696 e
1136 1653 1242 1697 belli
1271 1667 1404 1709 poen.
1432 1667 1501 1708 pr.
1531 1667 1628 1697 car·

191 1728 309 1771 mine
341 1734 565 1783 sumptum
594 1740 701 1771 esse
730 1728 915 1783 putavit,
953 1734 1102 1773 tamen
1143 1741 1236 1770 non
1275 1727 1504 1784 intelligo,
1541 1741 1631 1784 quo

187 1803 323 1845 modo
353 1802 554 1845 Naevius
584 1805 629 1844 in
657 1801 746 1846 hoc
775 1802 972 1845 carmine
1007 1801 1345 1844 Pantaleontem
1375 1815 1629 1844 memorare

187 1876 397 1932 potuerit.
454 1876 629 1919 Nomen
659 1875 968 1918 Pantaleontis
994 1875 1229 1918 rarissime
1273 1874 1462 1927 occurit,
1491 1874 1630 1932 Poly-

188 1949 263 1992 bio
296 1956 501 2004 excepto‚
532 1950 608 2005 qui
637 1949 693 1991 de
724 1948 1017 1991 Pantaleonte
1056 1948 1248 2005 quodam
1282 1946 1447 1990 Aetolo
1477 1945 1627 2002 'pluri-

194 2023 281 2066 bus
309 2022 426 2067 locis
456 2022 666 2080 loquitur.
703 2022 967 2066 Heraclides
997 2023 1044 2065 in
1072 2022 1205 2065 Polit.
1233 2028 1429 2076 excerpt.
1460 2021 1624 2064 Panta-

186 2096 389 2140 leontem
418 2103 654 2153 tyrannum
682 2096 883 2139 nominat
910 2095 1143 2150 Eleorum3
1181 2095 1266 2139 etsi
1304 2099 1497 2147 constat,
1527 2104 1635 2138 eum

194 2171 438 2214 Pisatidem
466 2170 626 2214 fuisse.
657 2171 749 2214 Sed
778 2170 990 2214 Eleorum
1020 2177 1065 2214 et
1092 2170 1390 2214 Pisatidarum
1417 2168 1632 2225 frequens
1704 2231 1706 2233 ‚

195 2244 394 2287 occurrit
441 2244 749 2297 commutatio,
796 2250 845 2287 ut
885 2258 926 2287 e.
972 2257 1039 2301 gr.
1085 2243 1204 2299 apud
1244 2241 1400 2299 Steph.
1439 2242 1631 2298 Byzant.

197 2317 402 2373 Phlegon
434 2319 626 2374 quidam,
656 2319 732 2374 qui
760 2319 868 2362 vicit
896 2318 1075 2373 Olvmp.
1104 2318 1181 2361 IV.
1212 2323 1258 2360 et
1285 2317 1418 2369 alius,
1453 2316 1530 2372 qui
1564 2315 1631 2358 vi-

194 2391 255 2435 cit
286 2391 460 2447 Olymp,
508 2391 694 2435 XXVII.
738 2391 785 2434 in
833 2391 1041 2449 catalogo
1084 2391 1301 2435 victorum
1347 2388 1447 2434 Elei
1476 2402 1503 2432 e
1529 2388 1625 2446 Dy-

200 2466 380 2520 spontio
412 2466 497 2509 orti
525 2466 823 2520 nominantur,
854 2466 940 2511 etsi
958 2465 1256 2524 Dyspontium
1287 2470 1411 2510 certo
1441 2463 1628 2521 oppidu-

192 2532 284 2585 lum
314 2540 495 2597 pisatile
524 2536 620 2585 fuit.

776 2680 1048 2688 ——-——-
