1814 2767
1577 189 1634 234 53

197 300 412 356 servavit,
438 298 566 348 cuius
594 298 751 355 colore
768 298 956 358 ‘poetico
983 300 1278 360 fragmentum
1306 303 1395 348 hoc
1423 304 1635 348 carminis

199 377 431 422 cuiusdam
456 376 612 423 fuisse⁴
628 362 966 433 comprobatur:

287 452 407 497 'Sed
422 448 525 496 ‘tum
553 453 610 505 de
640 450 766 495 coelo
797 451 1001 496 candens
1021 451 1040 506 ΙΙ
1060 451 1241 496 Aurora
1270 453 1466 497 obstinet
1503 466 1633 498 suum

311 526 504 572 Patrem.

199 595 435 657 (‚‚Suum“
451 616 586 648 unam
600 608 770 646 tantum
790 601 968 646 exhibet
983 601 1218 659 syllabam,
1230 609 1280 646 ut
1296 614 1479 657 τεηομ,
1504 602 1630 647 nsui«

194 677 381 733 saepius
430 679 551 734 apud
596 676 825 731 Ennium.)
876 701 928 709 --
981 677 1065 720 Cui
1094 677 1340 733 adiungere
1385 691 1629 732 possumus

196 765 392 805 versum,
422 765 555 811 quem
582 751 702 796 Fest.
733 765 773 797 s.
799 764 843 795 v.
871 750 1115 795 Flaminius
1145 749 1363 796 Camillus
1393 751 1593 796 exhibett

308 841 508 900 Hiberno
536 841 723 898 puilvere
751 842 891 898 verno
912 841 932 905 l]
950 841 1044 885 luto
1074 842 1264 899 grandia
1290 840 1413 885 farra

310 916 496 961 Camille
525 916 683 959 metes.

310 990 391 1049 (cf.
421 990 622 1035 Macrob.
654 990 833 1034 Saturn.
865 989 921 1033 V.
950 989 1021 1033 20.
1051 988 1177 1034 Serv.
1208 991 1266 1033 ad
1295 989 1422 1048 Virg.
1463 989 1631 1048 Georg.

195 1067 229 1111 1.
261 1067 374 1121 101.,
405 1081 493 1123 quo
523 1066 627 1110 loco
659 1066 844 1110 Servius
873 1065 990 1109 haec
1017 1066 1157 1109 verba
1195 1079 1221 1108 o
1261 1054 1467 1109 carmine·
1496 1067 1629 1109 rusti·

193 1153 348 1184 corum
379 1153 484 1183 esse
515 1145 691 1195 sumpta
729 1139 932 1190 tradidit3
972 1152 1060 1196 qua
1097 1152 1148 1181 re
1188 1153 1279 1182 non
1316 1138 1539 1197 singulam
1577 1154 1631 1183 ea

192 1213 336 1258 fuisse
374 1215 660 1267 sententiam,
705 1220 754 1256 ut
796 1213 931 1269 Appii
967 1214 1107 1256 verba
1145 1213 1225 1262 (cf.
1263 1214 1405 1262 Prisc.
1438 1209 1565 1257 vnss
1584 1229 1627 1269 p.

195 1288 294 1332 792.
323 1288 443 1332 Fest.
473 1302 512 1332 s.
541 1303 583 1331 v.
625 1294 847 1343 stuprum3
887 1287 1277 1331 Pseudo-Sallust.
1319 1289 1374 1331 de
1414 1289 1515 1331 ord·
1556 1302 1626 1331 re-

193 1362 315 1417 publ.
345 1363 378 1405 1.
410 1362 450 1405 1.
478 1362 607 1405 Nieb.
637 1361 691 1405 R.
723 1362 777 1405 G.
808 1363 867 1404 111
897 1362 1006 1415 366)
1037 1362 1119 1404 sed
1149 1376 1206 1405 ex
1235 1363 1488 1406 continente
1519 1377 1628 1419 quo-

193 1436 296 1480 dam
326 1435 523 1480 carmine
554 1437 788 1492 desumpta
817 1435 968 1494 colligi
997 1436 1115 1481 licet.

306 1528 572 1586 Fragmenta
602 1535 792 1586 quatuor
821 1543 847 1573 e
878 1530 1073 1573 carmine
1102 1529 1220 1573 Nelii
1250 1528 1330 1584 (cf.
1367 1529 1486 1573 Fest.
1517 1543 1556 1573 s.
1586 1543 1626 1572 v.

192 1617 391 1656 numero,
422 1618 461 1646 s.
489 1616 533 1646 v.
563 1610 725 1658 topper
754 1611 799 1647 et
811 1604 986 1648 Charis.
1015 1619 1061 1660 p.
1089 1605 1145 1648 65
1175 1606 1243 1646 ed.
1273 1604 1344 1656 Ρ.)
1376 1605 1496 1660 quod
1525 1618 1625 1646 ver-

193 1677 322 1721 sibus
351 1677 564 1732 saturniis
595 1677 803 1732 scriptum
845 1691 951 1721 esse
989 1684 1120 1733 puto,
1159 1691 1230 1721 me
1268 1691 1359 1720 non
1397 1691 1540 1733 posse
1570 1679 1626 1720 ad

191 1750 313 1794 hunc
338 1757 524 1794 metrum
556 1751 763 1806 redigere
792 1751 981 1794 libenter
1001 1752 1219 1804 concedo,
1250 1752 1335 1794 etsi
1351 1752 1397 1794 in
1416 1752 1484 1813 ⁴iis
1515 1765 1624 1807 quo·

192 1838 280 1883 que
309 1825 504 1869 membra
533 1824 730 1869 Saturnii
761 1831 941 1869 exstare
970 1825 1189 1869 videntur.

305 1914 498 1960 Carmen
526 1915 708 1970 Priami,
739 1917 858 1973 quod
896 1916 1019 1961 Attio
1049 1917 1096 1960 in
1134 1917 1262 1961 codd.
1299 1928 1515 1972 perverse
1545 1917 1623 1958 tri-

190 1982 353 2044 buitur,
389 1991 598 2035 versibus
644 1991 869 2035 Saturniis
917 1993 1212 2047 compositum
1258 1992 1471 2043 arbitror,
1521 2004 1626 2037 nam

187 2065 358 2121 primus
409 2064 508 2108 eius
552 2065 799 2122 unicusque
845 2065 1055 2108 carminis
1104 2079 1290 2118 versus,
1339 2065 1415 2121 qui
1464 2057 1624 2117 exstat,

192 2138 431 2184 Saturnius
461 2145 552 2182 est:

334 2229 527 2274 Veteres
558 2229 808 2274 Casmenas
837 2244 999 2275 cascas
1016 2213 1038 2285 ῙΙ
1058 2232 1134 2274 res
1163 2230 1268 2274 volo
1298 2229 1480 2286 profari.

189 2303 248 2349 cf.
279 2304 426 2349 Varro
456 2305 513 2348 de
542 2304 572 2347 l.
601 2304 632 2348 l.
662 2319 705 2361 p.
736 2305 823 2350 314
853 2305 937 2361 Sp.-

303 2394 381 2439 Sic
410 2395 542 2439 etiam
573 2409 728 2440 omnes
755 2397 1014 2453 Scipionum
1043 2397 1088 2439 in
1120 2397 1414 2440 monumentis
1445 2409 1621 2449 versus,

188 2468 350 2527 quibus
388 2476 572 2525 propter
609 2483 820 2515 versuum
853 2471 980 2514 initia
1009 2471 1112 2526 ipsa
1162 2474 1384 2527 scriptura
1427 2470 1623 2513 indicata

188 2542 406 2601 imprimis
441 2543 736 2591 insistendum
776 2553 872 2600 est,
911 2531 1095 2603 legitimi
1136 2553 1239 2589 sunt
1285 2544 1497 2598 Saturnii,
1542 2544 1623 2598 (cs.

187 2617 330 2665 Orelli
358 2611 578 2676 inscriptt.
607 2619 734 2666 Rom.
764 2623 871 2665 Nro.
900 2620 1170 2675 550—562.)
1196 2611 1285 2678 'qui
1315 2633 1448 2677 quum
1476 2620 1567 2663 iam
1596 2633 1624 2663 a

188 2693 239 2739 C.
271 2694 326 2739 Ο.
354 2684 545 2740 Miillero
576 2695 622 2740 in
652 2696 750 2742 add.
784 2698 841 2740 ad
870 2697 1003 2749 Fest.,
1034 2695 1337 2747 aNiebuhrio‚
1368 2694 1621 2740 Hermanno
