<?xml version="1.0" encoding="UTF-8"?>
<!DOCTYPE html PUBLIC "-//W3C//DTD XHTML 1.0 Transitional//EN"
    "http://www.w3.org/TR/xhtml1/DTD/xhtml1-transitional.dtd">
<html xmlns="http://www.w3.org/1999/xhtml" xml:lang="en" lang="en">
 <head>
  <title>
</title>
<meta http-equiv="Content-Type" content="text/html;charset=utf-8" />
  <meta name='ocr-system' content='tesseract 3.04.00' />
  <meta name='ocr-capabilities' content='ocr_page ocr_carea ocr_par ocr_line ocrx_word'/>
</head>
<body>
  <div class='ocr_page' id='page_1' title='image "4737846_0070.png"; bbox 0 0 1814 2767; ppageno 0'>
   <div class='ocr_carea' id='block_1_1' title="bbox 187 166 248 212">
    <p class='ocr_par' dir='ltr' id='par_1_1' title="bbox 187 166 248 212">
     <span class='ocr_line' id='line_1_1' title="bbox 187 166 248 212; baseline 0 0"><span class='ocrx_word' id='word_1_1' title='bbox 187 166 248 212; x_wconf 81' lang='grc'><strong>60</strong></span> 
     </span>
    </p>
   </div>
   <div class='ocr_carea' id='block_1_2' title="bbox 187 273 1634 1306">
    <p class='ocr_par' dir='ltr' id='par_1_2' title="bbox 187 273 1634 1306">
     <span class='ocr_line' id='line_1_2' title="bbox 303 273 1625 337; baseline 0.003 -13"><span class='ocrx_word' id='word_1_2' title='bbox 303 280 356 324; x_wconf 85' lang='lat' dir='ltr'><strong>ln</strong></span> <span class='ocrx_word' id='word_1_3' title='bbox 382 278 501 327; x_wconf 83' lang='lat' dir='ltr'><strong>libro</strong></span> <span class='ocrx_word' id='word_1_4' title='bbox 530 280 729 325; x_wconf 80' lang='lat' dir='ltr'><strong>secundo</strong></span> <span class='ocrx_word' id='word_1_5' title='bbox 757 278 962 325; x_wconf 86' lang='lat' dir='ltr'><strong>Aeneam</strong></span> <span class='ocrx_word' id='word_1_6' title='bbox 999 281 1056 324; x_wconf 89' lang='lat' dir='ltr'><strong>ad</strong></span> <span class='ocrx_word' id='word_1_7' title='bbox 1094 274 1278 325; x_wconf 70' lang='lat' dir='ltr'><strong>Africae</strong></span> <span class='ocrx_word' id='word_1_8' title='bbox 1306 294 1430 337; x_wconf 81' lang='lat' dir='ltr'><strong>oras,</strong></span> <span class='ocrx_word' id='word_1_9' title='bbox 1459 282 1506 327; x_wconf 89' lang='lat' dir='ltr'><strong>in</strong></span> <span class='ocrx_word' id='word_1_10' title='bbox 1532 273 1625 328; x_wconf 80' lang='lat' dir='ltr'><strong>An·</strong></span> 
     </span>
     <span class='ocr_line' id='line_1_3' title="bbox 190 352 1627 412; baseline 0.001 -13"><span class='ocrx_word' id='word_1_11' title='bbox 190 368 280 400; x_wconf 85' lang='lat' dir='ltr'><strong>nae</strong></span> <span class='ocrx_word' id='word_1_12' title='bbox 308 362 357 401; x_wconf 88' lang='lat' dir='ltr'><strong>et</strong></span> <span class='ocrx_word' id='word_1_13' title='bbox 372 354 566 401; x_wconf 75' lang='lat' dir='ltr'><strong>Didonis</strong></span> <span class='ocrx_word' id='word_1_14' title='bbox 583 355 740 399; x_wconf 86' lang='lat' dir='ltr'><strong>urbem</strong></span> <span class='ocrx_word' id='word_1_15' title='bbox 754 355 958 408; x_wconf 81' lang='lat' dir='ltr'><strong>deducit3</strong></span> <span class='ocrx_word' id='word_1_16' title='bbox 988 354 1065 412; x_wconf 84' lang='lat' dir='ltr'><strong>(cf.</strong></span> <span class='ocrx_word' id='word_1_17' title='bbox 1084 353 1242 412; x_wconf 76' lang='lat' dir='ltr'><strong>fragm.</strong></span> <span class='ocrx_word' id='word_1_18' title='bbox 1256 352 1627 408; x_wconf 48' lang='lat' dir='ltr'><strong>XVIII—XXI&amp;</strong></span> 
     </span>
     <span class='ocr_line' id='line_1_4' title="bbox 188 425 1626 487; baseline -0.001 -12"><span class='ocrx_word' id='word_1_19' title='bbox 188 443 277 475; x_wconf 90' lang='lat' dir='ltr'><strong>nec</strong></span> <span class='ocrx_word' id='word_1_20' title='bbox 305 430 474 483; x_wconf 88' lang='lat' dir='ltr'><strong>dubito,</strong></span> <span class='ocrx_word' id='word_1_21' title='bbox 491 425 612 486; x_wconf 73' lang='lat' dir='ltr'><strong>&#39;quin</strong></span> <span class='ocrx_word' id='word_1_22' title='bbox 639 441 818 473; x_wconf 82' lang='lat' dir='ltr'><strong>amores</strong></span> <span class='ocrx_word' id='word_1_23' title='bbox 848 443 1028 487; x_wconf 85' lang='lat' dir='ltr'><strong>quoque</strong></span> <span class='ocrx_word' id='word_1_24' title='bbox 1064 428 1369 474; x_wconf 83' lang='lat' dir='ltr'><strong>Anchisiadae</strong></span> <span class='ocrx_word' id='word_1_25' title='bbox 1407 436 1626 481; x_wconf 64' lang='lat' dir='ltr'><strong>metave-</strong></span> 
     </span>
     <span class='ocr_line' id='line_1_5' title="bbox 188 502 1628 560; baseline 0 -11"><span class='ocrx_word' id='word_1_26' title='bbox 188 504 262 558; x_wconf 82' lang='lat' dir='ltr'><strong>rit,</strong></span> <span class='ocrx_word' id='word_1_27' title='bbox 296 517 453 548; x_wconf 83' lang='lat' dir='ltr'><strong>verum</strong></span> <span class='ocrx_word' id='word_1_28' title='bbox 489 517 583 547; x_wconf 91' lang='lat' dir='ltr'><strong>non</strong></span> <span class='ocrx_word' id='word_1_29' title='bbox 618 502 867 558; x_wconf 84' lang='lat' dir='ltr'><strong>Didonem,</strong></span> <span class='ocrx_word' id='word_1_30' title='bbox 911 505 994 549; x_wconf 86' lang='lat' dir='ltr'><strong>sed</strong></span> <span class='ocrx_word' id='word_1_31' title='bbox 1022 504 1171 560; x_wconf 82' lang='lat' dir='ltr'><strong>potius</strong></span> <span class='ocrx_word' id='word_1_32' title='bbox 1198 502 1377 548; x_wconf 81' lang='lat' dir='ltr'>Annam</span> <span class='ocrx_word' id='word_1_33' title='bbox 1404 503 1628 549; x_wconf 75' lang='lat' dir='ltr'><strong>infelicem</strong></span> 
     </span>
     <span class='ocr_line' id='line_1_6' title="bbox 189 577 1634 636; baseline 0.001 -14"><span class='ocrx_word' id='word_1_34' title='bbox 189 592 291 623; x_wconf 87' lang='lat' dir='ltr'><strong>eum</strong></span> <span class='ocrx_word' id='word_1_35' title='bbox 319 578 509 622; x_wconf 87' lang='lat' dir='ltr'><strong>finxisse</strong></span> <span class='ocrx_word' id='word_1_36' title='bbox 537 584 732 623; x_wconf 83' lang='lat' dir='ltr'><strong>amatam</strong></span> <span class='ocrx_word' id='word_1_37' title='bbox 774 584 899 636; x_wconf 81' lang='lat' dir='ltr'><strong>puto.</strong></span> <span class='ocrx_word' id='word_1_38' title='bbox 956 577 1111 623; x_wconf 86' lang='lat' dir='ltr'><strong>Africa</strong></span> <span class='ocrx_word' id='word_1_39' title='bbox 1147 577 1308 624; x_wconf 86' lang='lat' dir='ltr'><strong>relicta</strong></span> <span class='ocrx_word' id='word_1_40' title='bbox 1335 577 1521 624; x_wconf 78' lang='lat' dir='ltr'><strong>Aeneas</strong></span> <span class='ocrx_word' id='word_1_41' title='bbox 1546 592 1634 635; x_wconf 54' lang='lat' dir='ltr'><strong>ape</strong></span> 
     </span>
     <span class='ocr_line' id='line_1_7' title="bbox 189 653 1627 710; baseline -0.001 -12"><span class='ocrx_word' id='word_1_42' title='bbox 189 653 317 710; x_wconf 85' lang='lat' dir='ltr'><strong>pellit</strong></span> <span class='ocrx_word' id='word_1_43' title='bbox 350 653 399 697; x_wconf 90' lang='lat' dir='ltr'><strong>in</strong></span> <span class='ocrx_word' id='word_1_44' title='bbox 434 654 595 698; x_wconf 77' lang='lat' dir='ltr'><strong>ltaliae</strong></span> <span class='ocrx_word' id='word_1_45' title='bbox 632 654 805 708; x_wconf 87' lang='lat' dir='ltr'><strong>littore,</strong></span> <span class='ocrx_word' id='word_1_46' title='bbox 845 660 981 710; x_wconf 86' lang='lat' dir='ltr'><strong>atque</strong></span> <span class='ocrx_word' id='word_1_47' title='bbox 1020 654 1175 697; x_wconf 83' lang='lat' dir='ltr'><strong>visitat</strong></span> <span class='ocrx_word' id='word_1_48' title='bbox 1210 655 1341 697; x_wconf 84' lang='lat' dir='ltr'><strong>iuxta</strong></span> <span class='ocrx_word' id='word_1_49' title='bbox 1386 653 1627 698; x_wconf 79' lang='lat' dir='ltr'><strong>Cumaeam</strong></span> 
     </span>
     <span class='ocr_line' id='line_1_8' title="bbox 189 726 1627 787; baseline 0 -15"><span class='ocrx_word' id='word_1_50' title='bbox 189 727 396 785; x_wconf 76' lang='lat' dir='ltr'><strong>Sibyllae</strong></span> <span class='ocrx_word' id='word_1_51' title='bbox 425 727 694 786; x_wconf 82' lang='lat' dir='ltr'><strong>speluncas3</strong></span> <span class='ocrx_word' id='word_1_52' title='bbox 725 726 803 781; x_wconf 80' lang='lat' dir='ltr'><strong>(cf.</strong></span> <span class='ocrx_word' id='word_1_53' title='bbox 830 726 989 786; x_wconf 78' lang='lat' dir='ltr'><strong>fragm.</strong></span> <span class='ocrx_word' id='word_1_54' title='bbox 1016 726 1388 781; x_wconf 73' lang='lat' dir='ltr'><strong>xxa-xxm.)</strong></span> <span class='ocrx_word' id='word_1_55' title='bbox 1418 735 1464 773; x_wconf 89' lang='lat' dir='ltr'><strong>et</strong></span> <span class='ocrx_word' id='word_1_56' title='bbox 1491 742 1627 787; x_wconf 86' lang='lat' dir='ltr'><strong>qnnm</strong></span> 
     </span>
     <span class='ocr_line' id='line_1_9' title="bbox 189 801 1628 860; baseline -0.001 -14"><span class='ocrx_word' id='word_1_57' title='bbox 189 817 220 846; x_wconf 94' lang='lat' dir='ltr'><strong>a</strong></span> <span class='ocrx_word' id='word_1_58' title='bbox 249 803 444 847; x_wconf 87' lang='lat' dir='ltr'><strong>Cimeria</strong></span> <span class='ocrx_word' id='word_1_59' title='bbox 472 802 664 860; x_wconf 76' lang='lat' dir='ltr'><strong>Sibylla,</strong></span> <span class='ocrx_word' id='word_1_60' title='bbox 694 802 753 846; x_wconf 86' lang='lat' dir='ltr'><strong>de</strong></span> <span class='ocrx_word' id='word_1_61' title='bbox 782 815 872 860; x_wconf 87' lang='lat' dir='ltr'><strong>qua</strong></span> <span class='ocrx_word' id='word_1_62' title='bbox 898 801 1016 846; x_wconf 85' lang='lat' dir='ltr'><strong>infra</strong></span> <span class='ocrx_word' id='word_1_63' title='bbox 1035 802 1207 860; x_wconf 84' lang='lat' dir='ltr'><strong>largius</strong></span> <span class='ocrx_word' id='word_1_64' title='bbox 1235 802 1427 846; x_wconf 76' lang='lat' dir='ltr'><strong>locuturi</strong></span> <span class='ocrx_word' id='word_1_65' title='bbox 1455 813 1628 854; x_wconf 70' lang='lat' dir='ltr'><strong>smne,</strong></span> 
     </span>
     <span class='ocr_line' id='line_1_10' title="bbox 189 874 1627 930; baseline 0 -11"><span class='ocrx_word' id='word_1_66' title='bbox 189 874 283 920; x_wconf 80' lang='lat' dir='ltr'><strong>fata</strong></span> <span class='ocrx_word' id='word_1_67' title='bbox 317 876 546 930; x_wconf 84' lang='lat' dir='ltr'><strong>audisset,</strong></span> <span class='ocrx_word' id='word_1_68' title='bbox 585 875 709 920; x_wconf 84' lang='lat' dir='ltr'><strong>venit</strong></span> <span class='ocrx_word' id='word_1_69' title='bbox 745 876 805 921; x_wconf 89' lang='lat' dir='ltr'><strong>ad</strong></span> <span class='ocrx_word' id='word_1_70' title='bbox 838 876 1019 921; x_wconf 80' lang='lat' dir='ltr'><strong>Latium</strong></span> <span class='ocrx_word' id='word_1_71' title='bbox 1046 877 1095 920; x_wconf 90' lang='lat' dir='ltr'><strong>in</strong></span> <span class='ocrx_word' id='word_1_72' title='bbox 1123 876 1392 921; x_wconf 85' lang='lat' dir='ltr'><strong>Aventinum</strong></span> <span class='ocrx_word' id='word_1_73' title='bbox 1419 882 1627 920; x_wconf 86' lang='lat' dir='ltr'><strong>montem.</strong></span> 
     </span>
     <span class='ocr_line' id='line_1_11' title="bbox 187 942 1629 1007; baseline -0.001 -12"><span class='ocrx_word' id='word_1_74' title='bbox 187 950 261 995; x_wconf 87' lang='lat' dir='ltr'><strong>De</strong></span> <span class='ocrx_word' id='word_1_75' title='bbox 291 951 367 1004; x_wconf 87' lang='lat' dir='ltr'><strong>iis,</strong></span> <span class='ocrx_word' id='word_1_76' title='bbox 398 964 515 1007; x_wconf 89' lang='lat' dir='ltr'><strong>quae</strong></span> <span class='ocrx_word' id='word_1_77' title='bbox 544 951 648 995; x_wconf 87' lang='lat' dir='ltr'><strong>inde</strong></span> <span class='ocrx_word' id='word_1_78' title='bbox 678 951 736 994; x_wconf 84' lang='lat' dir='ltr'><strong>ab</strong></span> <span class='ocrx_word' id='word_1_79' title='bbox 763 942 855 995; x_wconf 50' lang='lat' dir='ltr'><strong>‘hoc</strong></span> <span class='ocrx_word' id='word_1_80' title='bbox 881 951 987 995; x_wconf 92' lang='lat' dir='ltr'><strong>loco</strong></span> <span class='ocrx_word' id='word_1_81' title='bbox 1017 964 1075 994; x_wconf 87' lang='lat' dir='ltr'><strong>ex</strong></span> <span class='ocrx_word' id='word_1_82' title='bbox 1102 950 1286 995; x_wconf 84' lang='lat' dir='ltr'><strong>Aeneae</strong></span> <span class='ocrx_word' id='word_1_83' title='bbox 1314 949 1468 993; x_wconf 85' lang='lat' dir='ltr'><strong>fabula</strong></span> <span class='ocrx_word' id='word_1_84' title='bbox 1496 956 1629 1007; x_wconf 79' lang='lat' dir='ltr'><strong>atque</strong></span> 
     </span>
     <span class='ocr_line' id='line_1_12' title="bbox 189 1013 1626 1082; baseline -0.002 -13"><span class='ocrx_word' id='word_1_85' title='bbox 189 1024 519 1082; x_wconf 85' lang='lat' dir='ltr'><strong>antiquissimis</strong></span> <span class='ocrx_word' id='word_1_86' title='bbox 549 1038 607 1069; x_wconf 88' lang='lat' dir='ltr'><strong>ex</strong></span> <span class='ocrx_word' id='word_1_87' title='bbox 634 1024 836 1068; x_wconf 88' lang='lat' dir='ltr'><strong>historiis</strong></span> <span class='ocrx_word' id='word_1_88' title='bbox 851 1031 988 1080; x_wconf 83' lang='lat' dir='ltr'><strong>poeta</strong></span> <span class='ocrx_word' id='word_1_89' title='bbox 1015 1025 1287 1078; x_wconf 84' lang='lat' dir='ltr'><strong>tractaverit,</strong></span> <span class='ocrx_word' id='word_1_90' title='bbox 1308 1013 1478 1068; x_wconf 78' lang='lat' dir='ltr'><strong>nullum</strong></span> <span class='ocrx_word' id='word_1_91' title='bbox 1506 1030 1626 1069; x_wconf 84' lang='lat' dir='ltr'><strong>vest-</strong></span> 
     </span>
     <span class='ocr_line' id='line_1_13' title="bbox 189 1098 1629 1162; baseline -0.001 -20"><span class='ocrx_word' id='word_1_92' title='bbox 189 1099 312 1162; x_wconf 75' lang='lat' dir='ltr'><strong>gium</strong></span> <span class='ocrx_word' id='word_1_93' title='bbox 340 1099 388 1142; x_wconf 89' lang='lat' dir='ltr'><strong>in</strong></span> <span class='ocrx_word' id='word_1_94' title='bbox 414 1098 678 1156; x_wconf 71' lang='lat' dir='ltr'><strong>fragmentis</strong></span> <span class='ocrx_word' id='word_1_95' title='bbox 720 1098 965 1142; x_wconf 82' lang='lat' dir='ltr'><strong>Naevianis</strong></span> <span class='ocrx_word' id='word_1_96' title='bbox 1006 1105 1167 1143; x_wconf 82' lang='lat' dir='ltr'><strong>exstat.</strong></span> <span class='ocrx_word' id='word_1_97' title='bbox 1236 1100 1388 1149; x_wconf 86' lang='lat' dir='ltr'><strong>Quare</strong></span> <span class='ocrx_word' id='word_1_98' title='bbox 1425 1105 1533 1155; x_wconf 84' lang='lat' dir='ltr'><strong>puto</strong></span> <span class='ocrx_word' id='word_1_99' title='bbox 1573 1111 1629 1142; x_wconf 88' lang='lat' dir='ltr'><strong>ea</strong></span> 
     </span>
     <span class='ocr_line' id='line_1_14' title="bbox 189 1173 1630 1231; baseline -0.001 -14"><span class='ocrx_word' id='word_1_100' title='bbox 189 1185 300 1217; x_wconf 84' lang='lat' dir='ltr'><strong>esse</strong></span> <span class='ocrx_word' id='word_1_101' title='bbox 326 1173 595 1218; x_wconf 81' lang='lat' dir='ltr'><strong>brevissime</strong></span> <span class='ocrx_word' id='word_1_102' title='bbox 637 1179 842 1217; x_wconf 85' lang='lat' dir='ltr'><strong>tractata.</strong></span> <span class='ocrx_word' id='word_1_103' title='bbox 899 1173 1051 1218; x_wconf 86' lang='lat' dir='ltr'><strong>Tertio</strong></span> <span class='ocrx_word' id='word_1_104' title='bbox 1090 1174 1306 1231; x_wconf 76' lang='lat' dir='ltr'><strong>deinceps</strong></span> <span class='ocrx_word' id='word_1_105' title='bbox 1341 1173 1457 1218; x_wconf 84' lang='lat' dir='ltr'><strong>libro</strong></span> <span class='ocrx_word' id='word_1_106' title='bbox 1494 1178 1630 1230; x_wconf 81' lang='lat' dir='ltr'><strong>poeta</strong></span> 
     </span>
     <span class='ocr_line' id='line_1_15' title="bbox 189 1245 1020 1306; baseline 0 -14"><span class='ocrx_word' id='word_1_107' title='bbox 189 1245 356 1293; x_wconf 81' lang='lat' dir='ltr'><strong>bellum</strong></span> <span class='ocrx_word' id='word_1_108' title='bbox 382 1247 597 1305; x_wconf 78' lang='lat' dir='ltr'><strong>punicum</strong></span> <span class='ocrx_word' id='word_1_109' title='bbox 623 1247 772 1306; x_wconf 80' lang='lat' dir='ltr'><strong>ipsum</strong></span> <span class='ocrx_word' id='word_1_110' title='bbox 801 1247 1020 1293; x_wconf 81' lang='lat' dir='ltr'><strong>decantat.</strong></span> 
     </span>
    </p>
   </div>
  </div>
 </body>
</html>
