1814 2767
13 336 20 345 .
348 287 1628 350 superbiaompmabalnssm-iptonbunaepomw
1703 285 1713 294 ‘
1790 287 1799 294 ‘

1 389 13 431 3
33 350 58 441 ζ’
120 334 137 391 *s*
166 354 432 422 W,
446 369 493 419 et
506 363 721 421 snperbia
737 376 959 421 campana
972 364 1087 413 nihil
1101 364 1222 412 aluid,
1235 364 1328 409 nisi
1339 364 1630 423 magnamini-

191 434 420 495 &iamque
448 436 719 495 superbiam>
743 433 991 495 siwificet'z
1028 437 1156 491 haec:
1181 437 1286 484 Auk
1314 437 1463 484 Gellii>
1477 439 1632 492 verba,

192 510 286 567 nisi
319 509 415 556 alia
452 511 673 556 accedunt
710 520 996 570 argumenta,
1032 526 1126 558 non
1159 511 1386 558 suffiioere
1412 513 1632 565 videntur,

195 589 245 629 ut
281 582 384 634 hac·
405 583 522 640 sola,
543 585 757 632 commoti
794 587 1061 649 auctoritate
1097 586 1318 632 Naevium
1357 586 1631 644 Campanum

192 657 341 709 fuisse
368 661 644 706 contendere
672 661 914 717 possimus.
957 661 1020 706 At
1047 663 1269 708 accedunt
1295 662 1390 707 alia
1412 662 1631 720 quaedam

190 740 477 792 argumenta,
515 737 707 793 quorum
732 742 781 779 ut
819 742 944 780 roret
976 742 1216 794 antequam
1243 735 1369 793 pluat
1392 736 1538 792 primo
1564 735 1628 780 le·

190 807 384 861 ,vissima
411 806 652 867 proferam.
708 809 778 854 Ex
817 811 1018 867 ipsarum
1059 811 1178 856 enim
1206 810 1534 855 Naevianarum
1562 808 1628 853 fa-

193 881 398 929 bularum
417 882 682 941 fragmentis
704 891 749 928 et
770 884 1031 938 litterarum,
1061 898 1150 943 qua
1169 899 1225 929 eo
1245 891 1442 940 tempore
1460 883 1632 928 Romae

194 963 325 1001 erant
352 958 620 1004 condicione
648 959 868 1004 Naevium
902 960 950 1003 in
988 966 1110 1003 terra
1146 973 1253 1005 esse
1289 958 1522 1004 oriundum
1550 972 1629 1014 ap-

191 1039 350 1087 paret,
390 1033 438 1076 in
475 1046 566 1090 qua
602 1032 808 1077 Graecae
844 1032 1060 1076 florerent
1106 1033 1283 1077 litterae
1325 1039 1458 1089 atque
1494 1038 1632 1076 artes.

193 1104 346 1155 Quare
384 1112 462 1150 aut
498 1107 545 1150 in
585 1120 643 1150 ea
683 1106 839 1150 ltaliae
876 1107 1063 1163 regione
1102 1121 1204 1151 eum
1231 1113 1383 1153 natum
1413 1119 1519 1150 esse
1549 1120 1628 1162 pu·

190 1183 290 1222 tare
319 1179 561 1233 debemus,
601 1193 718 1238 quae
747 1180 916 1237 Magna
950 1180 1164 1233 Graecia,
1206 1181 1422 1237 cuiusque
1458 1178 1631 1222 incolae

191 1251 361 1305 Graeci
381 1259 427 1295 et
446 1252 725 1309 Semigraeci
745 1255 1041 1307 nominantur,
1063 1261 1141 1297 aut
1159 1255 1206 1296 in
1223 1253 1481 1310 Campania,
1503 1253 1630 1296 cuius

191 1326 389 1384 oppidis,
422 1325 622 1382 Capuae,
652 1328 845 1383 Neapoli
874 1327 1067 1385 aliisque
1098 1328 1305 1372 Graecae
1334 1333 1532 1370 artevet
1559 1326 1629 1369 lit·

190 1405 319 1444 terae
347 1399 596 1444 laetissime
624 1400 857 1444 florebant.
902 1401 953 1444 Si
981 1416 1090 1444 vero
1112 1401 1426 1457 Semigraecus
1454 1398 1631 1453 fuisset,

193 1480 319 1520 certo
347 1481 507 1519 auctor
535 1475 592 1518 de
621 1474 782 1520 illustr,
805 1474 998 1518 Gratum.
1028 1489 1069 1518 c.
1091 1475 1156 1527 1.,
1186 1475 1261 1518 ubi
1279 1474 1455 1518 Livium
1478 1481 1524 1518 et
1541 1473 1629 1517 En-

192 1548 315 1594 nium
344 1547 662 1604 Semigraecos
688 1546 836 1605 fuisse
874 1553 920 1590 et
948 1554 1136 1603 utraque
1164 1545 1320 1603 lingua
1347 1546 1468 1590 domi
1495 1545 1628 1590 foris-

191 1635 281 1678 que
310 1621 527 1665 docuisse
556 1622 684 1674 dicit,
711 1621 931 1665 Naevium
960 1633 1139 1676 quoque
1163 1620 1413 1672 adiioisset,
1449 1626 1527 1662 aut
1556 1620 1626 1662 Ci-

193 1707 302 1739 cero
331 1694 500 1752 aliique
530 1693 778 1749 scriptores
793 1692 983 1737 Romani
1008 1693 1055 1736 in
1073 1691 1204 1746 locis,
1234 1692 1396 1750 quibus
1417 1692 1474 1738 de
1490 1691 1629 1737 Grae-

193 1782 251 1812 co
279 1768 526 1811 litterarum
553 1780 840 1810 romanarum
869 1772 971 1810 ortu
998 1766 1254 1823 loquuntur,
1291 1773 1425 1824 atque
1455 1766 1631 1811 Livium

193 1848 240 1887 et
256 1839 451 1887 Ennium
479 1847 705 1898 tamquam
733 1846 996 1898 argumenta
1025 1841 1192 1884 addunt
1210 1840 1429 1885 Naevium
1453 1853 1630 1899 quoque

192 1915 337 1961 semel
365 1915 526 1959 saltem
555 1916 602 1958 in
631 1922 755 1958 tanta
782 1914 985 1958 locorum
1011 1915 1288 1958 multitudine
1308 1916 1629 1958 nominassent.

135 2030 138 2033 ,
193 1988 280 2037 Cui
305 1989 540 2049 levissimo
561 1988 740 2046 quidem
759 1995 1020 2045 argumento
1042 1989 1130 2032 duo
1150 1989 1369 2033 accedunt
1388 1988 1489 2033 alia.
1542 1987 1627 2031 Le·

194 2055 463 2123 gum-'enim
492 2061 538 2105 in
565 2061 741 2114 Naevii,
772 2061 829 2104 de
858 2075 947 2118 qua
976 2074 1114 2117 supra
1143 2060 1251 2114 dixi,
1282 2067 1432 2105 statua
1454 2062 1517 2115 ¹),
1549 2058 1625 2105 Cn.

268 2287 311 2327 ι)
337 2284 446 2320 Cuius
470 2285 640 2330 imaginis
664 2285 887 2330 inscriptioni
913 2287 1079 2329 quantam
1105 2284 1348 2319 auctoritatem
1370 2284 1525 2318 tribuere
1550 2292 1629 2327 pos-

333 2348 458 2392 simus,
484 2359 591 2394 quum
618 2358 794 2393 nusquam
820 2347 906 2383 alibi
938 2358 1015 2382 eam
1041 2351 1101 2383 aut
1125 2350 1354 2382 memoratam
1387 2350 1449 2381 aut
1472 2345 1629 2390 descrip-

331 2416 404 2445 tam
428 2411 666 2454 invenissem,
700 2421 771 2445 non
796 2409 909 2445 audeo
940 2409 1150 2445 diiudicare.
1198 2410 1328 2444 Mirum
1354 2420 1442 2444 vero
1467 2408 1552 2442 mihi
1578 2407 1628 2440 vi-

333 2474 435 2509 detur
460 2477 494 2508 et
519 2477 643 2509 contra
668 2473 890 2519 antiquitatis
914 2473 1087 2508 rationem
1113 2472 1306 2516 scribendi,
1333 2472 1427 2518 quod
1452 2482 1522 2506 non
1535 2470 1627 2505 Nae-

335 2538 426 2580 vius,
453 2537 517 2571 sed
542 2537 681 2571 Nevius
707 2538 738 2570 ei
772 2537 1009 2582 subscriptum
1035 2536 1092 2570 sit.
1141 2535 1232 2570 Nam
1258 2536 1293 2570 in
1319 2535 1503 2576 omnibus,
1537 2542 1629 2577 quae

335 2603 373 2638 ut
398 2600 611 2646 inspicerem
637 2600 723 2635 mihi
749 2600 898 2635 facultas
925 2603 999 2634 erat
1023 2598 1313 2645 inscriptionibus
1345 2602 1380 2632 et
1404 2597 1539 2631 liberae
1563 2595 1628 2629 rei·
