1814 2767
169 270 327 338 ,lgm
322 268 483 328 w
484 279 563 320 *e
845 289 853 311 .=
1455 305 1458 309 .

169 349 259 408 &¹²52
256 339 429 422 331ss
450 339 697 396 ciceronis
695 345 867 409 ntur,
880 331 1069 386 habim
1101 321 1198 385 est
1194 308 1443 395 indoctior.
1495 332 1616 378 Sed

98 441 107 446 -
171 424 438 485 ¹440ng
473 411 717 476 quoqne}
722 398 1103 470 Romanorum
1134 381 1334 467 epulis
1372 407 1525 452 fides
1563 414 1619 451 et

183 492 374 551 tibias
386 491 672 543 adhibere
700 487 874 536 moris
901 485 1022 531 fuit.

225 564 368 625 ,pe
404 564 562 620 Nonii
576 552 757 625 verbis,
790 543 913 620 <ldae
950 575 1006 605 ex
1043 560 1250 606 Varrone
1289 534 1501 616 protulit,
1531 558 1619 600 iam

171 598 305 699 nihil
326 639 450 692 mihi
463 638 699 694 dicendum
728 643 813 690 est,
839 650 978 704 quum
1006 636 1185 681 eadem
1193 636 1368 678 ratione
1404 648 1462 678 ac
1491 633 1617 676 Cice-

183 728 324 773 roms
338 714 470 765 nobis
500 713 591 758 sint
617 700 968 768 interpretanda,
1019 709 1161 756 Idem
1177 705 1300 752 valet
1335 709 1392 751 de
1429 707 1617 750 Valerio

185 778 398 845 Maximo

224 900 227 902 .
302 861 424 913 Qua
430 875 480 904 re
521 872 576 903 ea
613 865 897 915 argumenta,
935 872 1050 915 quae
1088 872 1145 901 ex
1183 858 1478 914 scriptoribus
1516 864 1621 900 vett·

187 936 473 985 Niebuhrius
487 933 684 990 protulit,
715 933 781 975 ad
793 945 921 975 suam
941 933 1316 987 comprobandam
1347 933 1622 987 opinionem,

190 1009 393 1064 ipsorum
428 1015 630 1051 veterum
668 1007 934 1061 scriptorum
971 1006 1234 1048 auctoritate
1269 1005 1490 1049 labefacta
1526 1020 1623 1050 cor·

189 1089 341 1133 ruunt3
378 1095 480 1124 nam
510 1095 567 1124 ex
596 1081 800 1123 omnibus
829 1079 920 1121 illis
950 1080 1224 1134 argumentis
1254 1080 1365 1121 nihil
1394 1080 1515 1123 aliud
1546 1094 1623 1135 ap-

189 1162 331 1212 paret,
363 1162 494 1212 atque
525 1155 585 1207 id,
617 1155 735 1211 quod
763 1153 878 1202 inter
907 1152 1138 1196 Romanos
1169 1167 1372 1210 quoque,
1404 1155 1520 1198 sicut
1558 1155 1624 1197 in-

190 1239 258 1274 ter
288 1230 538 1279 Germanos
569 1227 650 1288 (cf.
680 1229 781 1270 Tac.
811 1227 922 1270 Arn.
953 1229 1004 1269 11.
1035 1229 1106 1271 58.
1138 1228 1286 1271 Germ.
1317 1229 1359 1271 2.
1390 1228 1439 1282 3)
1482 1235 1527 1272 et
1557 1230 1623 1272 in-

191 1312 260 1350 ter
289 1318 443 1348 omnes
473 1302 681 1359 populos,
713 1316 901 1359 quorum
922 1301 1141 1345 fervidum
1171 1309 1240 1345 est
1270 1310 1313 1345 et
1331 1303 1527 1348 iuvenile
1557 1304 1625 1346 in-

193 1380 387 1436 genium,
415 1392 492 1422 res
521 1378 736 1421 maiorum
767 1377 1015 1420 exhilarata
1043 1384 1191 1420 mente
1211 1379 1414 1421 cantibus
1447 1380 1627 1435 quibus-

195 1454 296 1496 dam
327 1451 664 1494 concelebratae
695 1451 797 1503 sint,
815 1452 974 1507 quibus
995 1452 1111 1494 inter
1131 1452 1289 1506 epulas
1321 1452 1464 1495 dulcis
1494 1466 1625 1507 prae-

194 1526 313 1570 teriti
343 1525 557 1581 temporis
587 1526 801 1568 memoria
828 1526 1138 1569 revocabatur.
1196 1526 1295 1569 Jam
1325 1527 1458 1582 igitur
1487 1528 1544 1569 ad
1575 1541 1631 1571 ea

197 1607 479 1658 argumenta,
522 1613 633 1655 quae
672 1600 849 1642 interna
886 1601 1227 1656 nominavimus,
1276 1602 1630 1656 progrediamur.

313 1674 364 1718 Si
394 1675 483 1717 ista
511 1674 666 1729 poesis
696 1673 927 1728 popularis
958 1675 1072 1717 adeo
1102 1674 1191 1716 iam
1222 1688 1277 1716 eo
1322 1681 1524 1729 tempore
1555 1689 1632 1718 ex-

200 1737 319 1793 culta
359 1755 476 1800 erat,
512 1754 561 1789 ut
597 1748 796 1790 carmina
831 1748 1017 1789 maioris
1057 1747 1267 1800 ambitus,
1307 1749 1423 1791 sicut
1451 1762 1634 1791 carmen

201 1825 256 1867 de
283 1823 340 1868 L.
371 1822 613 1877 Tarquinio
644 1822 776 1865 Prico
808 1828 851 1863 et
882 1821 1010 1864 Serv.
1041 1821 1251 1875 Tullio¹⁶)
1288 1822 1334 1864 in
1371 1836 1450 1865 ore
1480 1823 1633 1879 populi

201 1895 604 1949 circumferrentur,
634 1895 835 1952 profecto
856 1895 1016 1939 maiori
1035 1897 1299 1940 auctoritate
1330 1911 1427 1940 eam
1456 1896 1633 1941 fruitam

201 1985 307 2015 esse
336 1972 468 2014 nobis
498 1972 740 2026 putandum
770 1978 908 2025 esset,
940 1978 984 2014 et
1028 1978 1150 2013 certo
1181 1971 1326 2026 pluria
1356 1972 1454 2014 eius
1492 1973 1630 2017 vesti-

200 2047 276 2105 gia
306 2052 547 2098 exstarent,
579 2059 710 2101 quam
741 2045 841 2088 sola
870 2045 1112 2093 carminum
1151 2046 1196 2087 in
1237 2046 1383 2101 epulis
1422 2049 1632 2093 decanta-

202 2129 348 2167 torum
376 2116 603 2164 mnmoria.
661 2119 836 2162 Deinde
867 2133 943 2162 ars
979 2126 1211 2174 tantopere
1241 2121 1331 2163 iam
1362 2123 1540 2165 exculta
1568 2131 1632 2165 at-

206 2210 293 2256 que
343 2195 580 2252 explanata
618 2194 750 2237 etiam
794 2193 930 2238 totius
968 2194 1121 2250 populi
1158 2195 1333 2239 animos
1374 2204 1418 2240 et
1454 2197 1635 2254 ingenio

205 2277 487 2319 commoveat
525 2276 569 2312 et
604 2276 864 2324 permoveat
900 2282 1092 2312 necesse
1132 2276 1223 2323 est,
1268 2271 1331 2313 ita
1368 2278 1417 2313 ut
1457 2272 1504 2314 in
1533 2273 1636 2328 ipso

206 2344 374 2400 populo
403 2350 566 2400 poetae
597 2344 805 2397 existant,
836 2347 911 2401 qui
938 2344 1137 2387 carmina
1166 2345 1245 2387 illa
1281 2345 1516 2401 popularia
1543 2361 1635 2390 ma-

208 2418 292 2468 iori
321 2425 416 2476 arte
443 2424 631 2468 tractent
659 2432 902 2476 veramque
920 2418 1093 2475 epicam
1112 2420 1306 2475 prodant
1321 2421 1508 2477 poesim.
1538 2422 1636 2467 Huc

260 2625 522 2697 insemel».
548 2651 596 2690 sn.
621 2653 670 2693 o.
696 2655 724 2691 1.
751 2667 785 2701 p.
808 2658 878 2693 θοι
900 2660 938 2691 02
960 2656 1039 2692 ιω.
