1814 2767
1563 181 1620 225 45

160 304 165 315 ⁸
191 294 370 350 poetica
385 293 559 347 ratione
574 293 908 338 concelebraret
929 301 974 336 et
994 293 1264 337 exornaret?
1294 293 1481 337 Constat
1503 294 1619 347 enim

191 368 307 414 inter
327 382 507 422 omnes,
539 369 614 427 qui
642 370 699 414 de
727 369 860 424 poesi
896 368 1026 424 epica
1063 369 1251 426 eiusque
1280 375 1440 413 natura
1467 369 1620 424 paullo

192 443 445 488 accuratius
482 445 630 487 animo
676 449 946 496 statuerunt,
989 457 1065 487 res
1108 444 1363 499 praesentis
1406 445 1620 499 temporis

190 522 338 574 neque
365 523 484 572 apta⁴
500 517 1009 574 neque-accommodata
1019 530 1139 570 esse,
1170 518 1227 560 de
1248 517 1409 573 quibus
1440 530 1621 560 carmen

192 591 368 646 epicum
395 592 529 648 pangi
548 590 720 646 possit.
777 591 892 633 Nam
921 590 1003 643 rei,
1034 604 1148 647 quae
1178 592 1472 644 describatur,
1503 593 1624 634 nuda

190 664 379 712 veritate
408 672 510 708 ante
540 665 737 707 omnium
767 664 923 707 oculos
961 672 1172 707 versante
1209 665 1465 720 ingeniosa,
1505 679 1620 723 quae

131 794 144 798 ᾖ
190 739 479 795 novaprodit‚
509 746 670 795 poetae
700 739 903 782 sollertia
931 739 1167 795 impeditur
1196 745 1241 783 et
1269 739 1469 781 vincitur.
1500 739 1619 794 Ipsis

190 827 300 857 vero
331 803 560 866 Romanis,
592 814 751 869 quibus
782 828 998 857 summum
1029 821 1140 866 erat,
1169 827 1478 870 magnaagere
1507 813 1618 857 faci-

190 888 388 940 nora,-si
419 889 518 944 quis
549 887 728 939 bellum,
760 888 831 930 cui
861 887 949 941 ipsi
967 888 1224 940 intererant,
1255 889 1621 942 poeticaratione

191 968 385 1004 tractare
415 969 549 1017 atque
580 968 712 1017 atque
744 974 963 1003 exornare
995 963 1259 1011 studuisset,
1291 969 1412 1003 certo
1442 963 1516 1005 hic
1546 977 1621 1006 co·

191 1042 323 1078 natus
352 1035 539 1090 puerilis
569 1035 737 1091 ingenii
767 1034 910 1086 lusus,
942 1035 1046 1090 quin
1077 1034 1355 1078 detestabilis
1385 1037 1511 1078 visus
1551 1051 1602 1080 es

192 1122 285 1160 ses,
317 1109 480 1164 quippe
511 1123 599 1164 quo
629 1121 738 1151 vera
775 1107 1000 1160 facinora,
1040 1109 1217 1162 poetico
1270 1109 1424 1151 induta
1462 1118 1623 1152 ornatu

192 1183 394 1225 veritatis
433 1184 631 1238 speciem
679 1182 943 1224 amitterent.
1019 1182 1224 1238 Denique
1272 1197 1380 1226 vero
1412 1198 1468 1225 ex
1511 1185 1624 1239 ipsis

192 1256 452 1313 stagmentis
464 1258 881 1310 constatfflaevium
892 1271 981 1299 non
991 1270 1169 1300 eal-men
1183 1259 1354 1313 epicum
1365 1258 1620 1315 (ἐποπόιην)

192 1334 274 1375 sed
311 1331 471 1388 potius}
501 1333 687 1376 annales
729 1333 933 1388 poeticos
965 1332 1228 1387 scripsisset
1267 1333 1312 1375 in
1354 1334 1511 1387 quibus
1552 1347 1622 1385 ea,

191 1420 307 1462 quae
339 1408 395 1448 ad
423 1406 617 1448 fabulam
649 1407 868 1448 troianam
899 1411 1104 1460 spectant
1134 1413 1267 1459 atque
1299 1408 1355 1447 ad
1394 1407 1538 1461 prima
1579 1414 1623 1448 et

195 1481 390 1522 obscura
439 1480 714 1534 reipublicae
757 1480 988 1522 Romanae
1040 1487 1242 1535 tempora
1313 1482 1503 1536 quodam
1552 1495 1619 1521 or-

189 1560 297 1595 natu
324 1557 502 1608 poetico
532 1555 685 1596 induta
713 1554 939 1596 invenies:
970 1554 1014 1595 in
1054 1554 1216 1596 ceteris
1247 1567 1354 1596 vero
1392 1561 1513 1595 tanta
1553 1562 1623 1597 est
1655 1609 1658 1616 ,
1698 1562 1771 1601 sy·

191 1627 414 1680 ieiunitas,
444 1635 493 1670 ut
520 1629 670 1683 potius
700 1628 958 1682 pontificum
979 1628 1164 1670 annales
1177 1628 1332 1681 exiles,
1363 1642 1495 1684 quam
1524 1643 1621 1671 car·
1651 1622 1658 1688 ξ’

189 1702 311 1743 mina
340 1701 489 1757 legere
518 1708 662 1756 putes.
694 1702 810 1750 Quid
835 1702 950 1744 enim
979 1702 1121 1757 magis
1152 1715 1180 1743 a
1207 1702 1385 1756 poetica
1415 1702 1624 1745 abhorret

191 1776 516 1831 descriptione,
558 1790 690 1832 quam
727 1776 816 1818 ista
852 1782 1054 1818 vestatae
1092 1775 1265 1818 insulae
1304 1776 1498 1819 Melitae.
1544 1776 1622 1824 (cf.

189 1849 345 1905 fragm.
374 1850 497 1900 XL1;
556 1851 662 1906 quid
709 1850 853 1906 magis
911 1850 956 1891 in
1021 1849 1245 1892 annalium
1295 1850 1621 1893 similitudinem

191 1924 375 1976 dictum,
407 1938 540 1980 quam
570 1939 624 1967 ea
652 1926 802 1978 verba,
836 1937 951 1980 quae
981 1925 1038 1965 ad
1066 1938 1226 1979 pacem
1262 1938 1358 1967 cum
1390 1923 1618 1980 Carthagi-

189 1998 421 2042 niensibus
471 1999 765 2053 compositam
810 2004 1026 2054 spectant.
1066 1997 1118 2040 cf.
1149 1997 1306 2053 fragm.
1373 1996 1440 2038 Ex
1480 1996 1618 2039 omni-

192 2073 277 2115 bus
321 2072 469 2127 igitur,
521 2086 635 2128 quae
678 2072 842 2126 protuli
891 2072 1164 2127 argumentis
1213 2079 1423 2126 apparet:
1486 2072 1617 2113 Nae-

189 2147 270 2189 vii
318 2160 546 2189 carmen
581 2160 690 2188 non
738 2159 937 2201 poema
985 2146 1228 2200 epicum,
1280 2147 1377 2188 sed
1426 2146 1618 2199 potius

189 2220 429 2263 annales
459 2221 525 2262 ad
566 2226 763 2263 certos
801 2219 965 2262 metri
1003 2233 1273 2262 numeros
1312 2134 1740 2299 revocatosly

189 2293 390 2338 fuisse.
449 2293 774 2348 (attimobtonif.)

304 2346 928 2416 Quaffloco
953 2367 1053 2424 quis
1074 2370 1236 2423 possit,
1266 2367 1341 2425 qui
1361 2366 1524 2411 factum
1545 2368 1617 2422 sit,

190 2449 239 2487 ut
267 2449 448 2486 veteres
491 2443 740 2499 ubicunque
777 2450 821 2485 et
849 2442 981 2485 Ennii
1012 2450 1057 2485 et
1092 2444 1253 2487 Naevii
1291 2457 1470 2487 carmen
1506 2444 1620 2485 inter

188 2522 397 2573 poemata
423 2516 669 2561 retulerint.
729 2516 867 2561 Cuius
897 2516 963 2560 rei
994 2517 1202 2560 diversae
1221 2530 1392 2573 eaeque
1421 2516 1615 2560 iustissi-

187 2604 290 2634 mae
318 2603 511 2634 caussae
540 2592 717 2636 adsunt.
775 2592 971 2635 Primum
1009 2591 1125 2634 enim
1164 2591 1346 2634 multum
1376 2591 1617 2634 carminum

188 2664 398 2710 vetustati
428 2665 755 2720 condonabant,
786 2666 1037 2723 omniaque,
1068 2678 1184 2722 quae
1202 2664 1511 2721 antiquissimo
1527 2666 1614 2709 rei-
