<?xml version="1.0" encoding="UTF-8"?>
<!DOCTYPE html PUBLIC "-//W3C//DTD XHTML 1.0 Transitional//EN"
    "http://www.w3.org/TR/xhtml1/DTD/xhtml1-transitional.dtd">
<html xmlns="http://www.w3.org/1999/xhtml" xml:lang="en" lang="en">
 <head>
  <title>
</title>
<meta http-equiv="Content-Type" content="text/html;charset=utf-8" />
  <meta name='ocr-system' content='tesseract 3.04.00' />
  <meta name='ocr-capabilities' content='ocr_page ocr_carea ocr_par ocr_line ocrx_word'/>
</head>
<body>
  <div class='ocr_page' id='page_1' title='image "4737846_0074.png"; bbox 0 0 1814 2767; ppageno 0'>
   <div class='ocr_carea' id='block_1_1' title="bbox 187 111 245 155">
    <p class='ocr_par' dir='ltr' id='par_1_1' title="bbox 187 111 245 155">
     <span class='ocr_line' id='line_1_1' title="bbox 187 111 245 155; baseline 0 0"><span class='ocrx_word' id='word_1_1' title='bbox 187 111 245 155; x_wconf 76' lang='lat'><strong>64</strong></span> 
     </span>
    </p>
   </div>
   <div class='ocr_carea' id='block_1_2' title="bbox 187 225 1633 1479">
    <p class='ocr_par' dir='ltr' id='par_1_2' title="bbox 187 225 1633 1479">
     <span class='ocr_line' id='line_1_2' title="bbox 188 225 1629 290; baseline 0.006 -21"><span class='ocrx_word' id='word_1_2' title='bbox 188 225 374 279; x_wconf 73' lang='lat' dir='ltr'><strong>accedit,</strong></span> <span class='ocrx_word' id='word_1_3' title='bbox 404 226 522 283; x_wconf 85' lang='lat' dir='ltr'><strong>quod</strong></span> <span class='ocrx_word' id='word_1_4' title='bbox 559 225 707 269; x_wconf 86' lang='lat' dir='ltr'><strong>littera</strong></span> <span class='ocrx_word' id='word_1_5' title='bbox 747 225 837 284; x_wconf 62' lang='lat' dir='ltr'><strong>nh‘f</strong></span> <span class='ocrx_word' id='word_1_6' title='bbox 863 227 910 269; x_wconf 88' lang='lat' dir='ltr'><strong>in</strong></span> <span class='ocrx_word' id='word_1_7' title='bbox 955 227 1176 272; x_wconf 87' lang='lat' dir='ltr'><strong>vocabulo</strong></span> <span class='ocrx_word' id='word_1_8' title='bbox 1214 226 1419 286; x_wconf 54' lang='lat' dir='ltr'><strong>„hemo‘g</strong></span> <span class='ocrx_word' id='word_1_9' title='bbox 1458 231 1629 290; x_wconf 80' lang='lat' dir='ltr'><strong>gravis·</strong></span> 
     </span>
     <span class='ocr_line' id='line_1_3' title="bbox 189 298 1632 360; baseline 0.008 -17"><span class='ocrx_word' id='word_1_10' title='bbox 189 302 305 344; x_wconf 79' lang='lat' dir='ltr'><strong>sima</strong></span> <span class='ocrx_word' id='word_1_11' title='bbox 346 299 624 358; x_wconf 77' lang='lat' dir='ltr'><strong>aspiratione</strong></span> <span class='ocrx_word' id='word_1_12' title='bbox 661 298 758 344; x_wconf 81' lang='lat' dir='ltr'><strong>fere</strong></span> <span class='ocrx_word' id='word_1_13' title='bbox 795 300 842 344; x_wconf 82' lang='lat' dir='ltr'><strong>in</strong></span> <span class='ocrx_word' id='word_1_14' title='bbox 881 301 1044 346; x_wconf 76' lang='lat' dir='ltr'><strong>aeolici</strong></span> <span class='ocrx_word' id='word_1_15' title='bbox 1097 302 1379 360; x_wconf 82' lang='lat' dir='ltr'><strong>digammatis</strong></span> <span class='ocrx_word' id='word_1_16' title='bbox 1413 304 1632 354; x_wconf 81' lang='lat' dir='ltr'><strong>rationem</strong></span> 
     </span>
     <span class='ocr_line' id='line_1_4' title="bbox 187 372 1633 434; baseline 0.003 -17"><span class='ocrx_word' id='word_1_17' title='bbox 187 374 524 430; x_wconf 80' lang='lat' dir='ltr'><strong>pronuntiatam</strong></span> <span class='ocrx_word' id='word_1_18' title='bbox 553 387 661 418; x_wconf 87' lang='lat' dir='ltr'><strong>esse</strong></span> <span class='ocrx_word' id='word_1_19' title='bbox 691 374 899 429; x_wconf 84' lang='lat' dir='ltr'><strong>arbitror,</strong></span> <span class='ocrx_word' id='word_1_20' title='bbox 930 376 1048 434; x_wconf 89' lang='lat' dir='ltr'><strong>quod</strong></span> <span class='ocrx_word' id='word_1_21' title='bbox 1093 376 1183 420; x_wconf 90' lang='lat' dir='ltr'><strong>iam</strong></span> <span class='ocrx_word' id='word_1_22' title='bbox 1220 385 1410 434; x_wconf 88' lang='lat' dir='ltr'><strong>apparet</strong></span> <span class='ocrx_word' id='word_1_23' title='bbox 1435 372 1506 423; x_wconf 57' lang='grc' dir='ltr'><strong>’ἐκ</strong></span> <span class='ocrx_word' id='word_1_24' title='bbox 1542 376 1633 422; x_wconf 84' lang='lat' dir='ltr'><strong>alia</strong></span> 
     </span>
     <span class='ocr_line' id='line_1_5' title="bbox 189 448 1631 497; baseline 0.002 -4"><span class='ocrx_word' id='word_1_25' title='bbox 189 449 393 494; x_wconf 87' lang='lat' dir='ltr'><strong>eiusdem</strong></span> <span class='ocrx_word' id='word_1_26' title='bbox 419 448 611 493; x_wconf 84' lang='lat' dir='ltr'><strong>forsitan</strong></span> <span class='ocrx_word' id='word_1_27' title='bbox 639 449 808 493; x_wconf 76' lang='lat' dir='ltr'><strong>radicis</strong></span> <span class='ocrx_word' id='word_1_28' title='bbox 838 464 976 495; x_wconf 81' lang='lat' dir='ltr'><strong>voce:</strong></span> <span class='ocrx_word' id='word_1_29' title='bbox 1004 450 1238 496; x_wconf 68' lang='lat' dir='ltr'><strong>»femina«.</strong></span> <span class='ocrx_word' id='word_1_30' title='bbox 1266 456 1325 483; x_wconf 77' lang='grc'><strong>-’</strong></span> <span class='ocrx_word' id='word_1_31' title='bbox 1352 452 1521 497; x_wconf 87' lang='lat' dir='ltr'><strong>Eadem</strong></span> <span class='ocrx_word' id='word_1_32' title='bbox 1557 466 1631 496; x_wconf 83' lang='lat' dir='ltr'><strong>ra-</strong></span> 
     </span>
     <span class='ocr_line' id='line_1_6' title="bbox 189 523 1612 583; baseline 0.003 -16"><span class='ocrx_word' id='word_1_33' title='bbox 189 525 311 568; x_wconf 87' lang='lat' dir='ltr'><strong>tione</strong></span> <span class='ocrx_word' id='word_1_34' title='bbox 330 524 377 566; x_wconf 91' lang='lat' dir='ltr'><strong>in</strong></span> <span class='ocrx_word' id='word_1_35' title='bbox 390 536 490 568; x_wconf 81' lang='lat' dir='ltr'><strong>voc.</strong></span> <span class='ocrx_word' id='word_1_36' title='bbox 511 523 648 568; x_wconf 87' lang='lat' dir='ltr'><strong>fircus</strong></span> <span class='ocrx_word' id='word_1_37' title='bbox 668 538 751 580; x_wconf 86' lang='lat' dir='ltr'><strong>pro</strong></span> <span class='ocrx_word' id='word_1_38' title='bbox 777 523 860 567; x_wconf 89' lang='lat' dir='ltr'><strong>litt.</strong></span> <span class='ocrx_word' id='word_1_39' title='bbox 880 523 953 571; x_wconf 65' lang='lat' dir='ltr'><strong>ns«</strong></span> <span class='ocrx_word' id='word_1_40' title='bbox 982 532 1167 581; x_wconf 86' lang='lat' dir='ltr'><strong>postero</strong></span> <span class='ocrx_word' id='word_1_41' title='bbox 1196 532 1396 583; x_wconf 85' lang='lat' dir='ltr'><strong>tempore</strong></span> <span class='ocrx_word' id='word_1_42' title='bbox 1418 527 1520 581; x_wconf 70' lang='lat' dir='ltr'><strong>»h«,</strong></span> <span class='ocrx_word' id='word_1_43' title='bbox 1539 526 1612 571; x_wconf 87' lang='lat' dir='ltr'><strong>hir</strong></span> 
     </span>
     <span class='ocr_line' id='line_1_7' title="bbox 189 596 1632 659; baseline 0.001 -18"><span class='ocrx_word' id='word_1_44' title='bbox 189 612 287 651; x_wconf 88' lang='lat' dir='ltr'><strong>cus,</strong></span> <span class='ocrx_word' id='word_1_45' title='bbox 316 612 400 654; x_wconf 90' lang='lat' dir='ltr'><strong>pro</strong></span> <span class='ocrx_word' id='word_1_46' title='bbox 429 596 593 650; x_wconf 79' lang='lat' dir='ltr'><strong>foedus</strong></span> <span class='ocrx_word' id='word_1_47' title='bbox 621 621 680 628; x_wconf 91' lang='grc'><strong>-</strong></span> <span class='ocrx_word' id='word_1_48' title='bbox 709 597 884 652; x_wconf 76' lang='lat' dir='ltr'><strong>hoedus</strong></span> <span class='ocrx_word' id='word_1_49' title='bbox 923 600 1256 654; x_wconf 88' lang='lat' dir='ltr'><strong>pronuntiatum</strong></span> <span class='ocrx_word' id='word_1_50' title='bbox 1295 607 1389 644; x_wconf 83' lang='lat' dir='ltr'><strong>est:</strong></span> <span class='ocrx_word' id='word_1_51' title='bbox 1429 609 1475 645; x_wconf 88' lang='lat' dir='ltr'><strong>et</strong></span> <span class='ocrx_word' id='word_1_52' title='bbox 1495 602 1632 659; x_wconf 69' lang='lat' dir='ltr'><strong>,quod</strong></span> 
     </span>
     <span class='ocr_line' id='line_1_8' title="bbox 187 672 1629 729; baseline 0.001 -13"><span class='ocrx_word' id='word_1_53' title='bbox 187 672 413 718; x_wconf 79' lang='lat' dir='ltr'><strong>vocalium</strong></span> <span class='ocrx_word' id='word_1_54' title='bbox 448 673 825 729; x_wconf 81' lang='lat' dir='ltr'><strong>permutationem</strong></span> <span class='ocrx_word' id='word_1_55' title='bbox 863 674 1080 728; x_wconf 89' lang='lat' dir='ltr'><strong>pertinet,</strong></span> <span class='ocrx_word' id='word_1_56' title='bbox 1110 674 1248 718; x_wconf 88' lang='lat' dir='ltr'><strong>multa</strong></span> <span class='ocrx_word' id='word_1_57' title='bbox 1285 682 1478 728; x_wconf 86' lang='lat' dir='ltr'><strong>exstant,</strong></span> <span class='ocrx_word' id='word_1_58' title='bbox 1509 676 1629 719; x_wconf 89' lang='lat' dir='ltr'><strong>eius·</strong></span> 
     </span>
     <span class='ocr_line' id='line_1_9' title="bbox 190 746 1628 804; baseline 0.003 -14"><span class='ocrx_word' id='word_1_59' title='bbox 190 749 292 791; x_wconf 86' lang='lat' dir='ltr'><strong>dem</strong></span> <span class='ocrx_word' id='word_1_60' title='bbox 321 748 503 804; x_wconf 87' lang='lat' dir='ltr'><strong>generis</strong></span> <span class='ocrx_word' id='word_1_61' title='bbox 534 746 761 803; x_wconf 80' lang='lat' dir='ltr'><strong>exempla:</strong></span> <span class='ocrx_word' id='word_1_62' title='bbox 789 754 840 789; x_wconf 90' lang='lat' dir='ltr'><strong>ut</strong></span> <span class='ocrx_word' id='word_1_63' title='bbox 867 748 1030 799; x_wconf 74' lang='grc' dir='ltr'><em>πλέκω,</em></span> <span class='ocrx_word' id='word_1_64' title='bbox 1062 747 1206 804; x_wconf 86' lang='lat' dir='ltr'><strong>plico,</strong></span> <span class='ocrx_word' id='word_1_65' title='bbox 1244 748 1400 802; x_wconf 89' lang='lat' dir='ltr'><strong>flecto,</strong></span> <span class='ocrx_word' id='word_1_66' title='bbox 1439 749 1628 795; x_wconf 76' lang='lat' dir='ltr'><strong>floccus.</strong></span> 
     </span>
     <span class='ocr_line' id='line_1_10' title="bbox 189 821 1630 878; baseline 0.001 -13"><span class='ocrx_word' id='word_1_67' title='bbox 189 823 354 878; x_wconf 87' lang='lat' dir='ltr'><strong>pluma,</strong></span> <span class='ocrx_word' id='word_1_68' title='bbox 385 821 582 873; x_wconf 82' lang='lat' dir='ltr'><strong>floccus3</strong></span> <span class='ocrx_word' id='word_1_69' title='bbox 611 822 730 865; x_wconf 89' lang='lat' dir='ltr'><strong>idem</strong></span> <span class='ocrx_word' id='word_1_70' title='bbox 758 822 895 878; x_wconf 86' lang='lat' dir='ltr'><strong>igitur</strong></span> <span class='ocrx_word' id='word_1_71' title='bbox 922 821 1088 866; x_wconf 84' lang='lat' dir='ltr'><strong>factum</strong></span> <span class='ocrx_word' id='word_1_72' title='bbox 1110 830 1181 865; x_wconf 91' lang='lat' dir='ltr'><strong>est</strong></span> <span class='ocrx_word' id='word_1_73' title='bbox 1198 824 1243 865; x_wconf 93' lang='lat' dir='ltr'><strong>in</strong></span> <span class='ocrx_word' id='word_1_74' title='bbox 1271 823 1422 876; x_wconf 84' lang='lat' dir='ltr'><strong>hemo,</strong></span> <span class='ocrx_word' id='word_1_75' title='bbox 1450 822 1630 876; x_wconf 81' lang='lat' dir='ltr'><strong>femina,</strong></span> 
     </span>
     <span class='ocr_line' id='line_1_11' title="bbox 188 895 1632 955; baseline 0.001 -16"><span class='ocrx_word' id='word_1_76' title='bbox 188 895 338 949; x_wconf 85' lang='lat' dir='ltr'><strong>homo,</strong></span> <span class='ocrx_word' id='word_1_77' title='bbox 366 895 605 940; x_wconf 84' lang='lat' dir='ltr'><strong>humanus.</strong></span> <span class='ocrx_word' id='word_1_78' title='bbox 645 896 891 940; x_wconf 86' lang='lat' dir='ltr'><strong>Praeterea</strong></span> <span class='ocrx_word' id='word_1_79' title='bbox 919 895 1010 939; x_wconf 88' lang='lat' dir='ltr'><strong>alia</strong></span> <span class='ocrx_word' id='word_1_80' title='bbox 1039 897 1170 940; x_wconf 90' lang='lat' dir='ltr'><strong>adest</strong></span> <span class='ocrx_word' id='word_1_81' title='bbox 1197 896 1303 940; x_wconf 91' lang='lat' dir='ltr'><strong>mihi</strong></span> <span class='ocrx_word' id='word_1_82' title='bbox 1333 911 1513 951; x_wconf 84' lang='lat' dir='ltr'><strong>caussa,</strong></span> <span class='ocrx_word' id='word_1_83' title='bbox 1543 911 1632 955; x_wconf 88' lang='lat' dir='ltr'><strong>qua</strong></span> 
     </span>
     <span class='ocr_line' id='line_1_12' title="bbox 188 970 1628 1027; baseline -0.001 -12"><span class='ocrx_word' id='word_1_84' title='bbox 188 970 626 1016; x_wconf 76' lang='lat' dir='ltr'><strong>commotus&#39;Herm.</strong></span> <span class='ocrx_word' id='word_1_85' title='bbox 663 985 827 1014; x_wconf 86' lang='lat' dir='ltr'><strong>versus</strong></span> <span class='ocrx_word' id='word_1_86' title='bbox 865 978 1111 1013; x_wconf 87' lang='lat' dir='ltr'><strong>stucturam</strong></span> <span class='ocrx_word' id='word_1_87' title='bbox 1146 985 1239 1014; x_wconf 89' lang='lat' dir='ltr'><strong>non</strong></span> <span class='ocrx_word' id='word_1_88' title='bbox 1280 985 1468 1027; x_wconf 90' lang='lat' dir='ltr'><strong>possum</strong></span> <span class='ocrx_word' id='word_1_89' title='bbox 1507 985 1628 1015; x_wconf 86' lang='lat' dir='ltr'><strong>com-</strong></span> 
     </span>
     <span class='ocr_line' id='line_1_13' title="bbox 188 1044 1630 1102; baseline -0.001 -12"><span class='ocrx_word' id='word_1_90' title='bbox 188 1046 399 1102; x_wconf 87' lang='lat' dir='ltr'><strong>probare.</strong></span> <span class='ocrx_word' id='word_1_91' title='bbox 456 1046 571 1088; x_wconf 89' lang='lat' dir='ltr'><strong>Nam</strong></span> <span class='ocrx_word' id='word_1_92' title='bbox 610 1045 651 1088; x_wconf 89' lang='lat' dir='ltr'><strong>si</strong></span> <span class='ocrx_word' id='word_1_93' title='bbox 689 1044 763 1088; x_wconf 87' lang='lat' dir='ltr'><strong>hic</strong></span> <span class='ocrx_word' id='word_1_94' title='bbox 803 1044 974 1100; x_wconf 79' lang='lat' dir='ltr'><strong>primus</strong></span> <span class='ocrx_word' id='word_1_95' title='bbox 1015 1046 1225 1089; x_wconf 84' lang='lat' dir='ltr'><strong>carminis</strong></span> <span class='ocrx_word' id='word_1_96' title='bbox 1261 1061 1445 1099; x_wconf 84' lang='lat' dir='ltr'><strong>versus,</strong></span> <span class='ocrx_word' id='word_1_97' title='bbox 1476 1060 1630 1102; x_wconf 87' lang='lat' dir='ltr'><strong>purus,</strong></span> 
     </span>
     <span class='ocr_line' id='line_1_14' title="bbox 190 1117 1628 1179; baseline 0 -17"><span class='ocrx_word' id='word_1_98' title='bbox 190 1127 239 1163; x_wconf 89' lang='lat' dir='ltr'><strong>ut</strong></span> <span class='ocrx_word' id='word_1_99' title='bbox 265 1117 523 1167; x_wconf 79' lang='lat' dir='ltr'><strong>Hei-manus</strong></span> <span class='ocrx_word' id='word_1_100' title='bbox 536 1119 783 1170; x_wconf 85' lang='lat' dir='ltr'><strong>constituit,</strong></span> <span class='ocrx_word' id='word_1_101' title='bbox 813 1117 977 1161; x_wconf 79' lang='lat' dir='ltr'><strong>suisset</strong></span> <span class='ocrx_word' id='word_1_102' title='bbox 1004 1131 1167 1162; x_wconf 87' lang='lat' dir='ltr'><strong>versus</strong></span> <span class='ocrx_word' id='word_1_103' title='bbox 1199 1119 1443 1179; x_wconf 81' lang='lat' dir='ltr'><strong>saturnius,</strong></span> <span class='ocrx_word' id='word_1_104' title='bbox 1473 1134 1560 1165; x_wconf 87' lang='lat' dir='ltr'><strong>nec</strong></span> <span class='ocrx_word' id='word_1_105' title='bbox 1588 1119 1628 1163; x_wconf 92' lang='lat' dir='ltr'><strong>ei</strong></span> 
     </span>
     <span class='ocr_line' id='line_1_15' title="bbox 188 1192 1630 1250; baseline 0 -13"><span class='ocrx_word' id='word_1_106' title='bbox 188 1194 363 1249; x_wconf 83' lang='lat' dir='ltr'><strong>inesset</strong></span> <span class='ocrx_word' id='word_1_107' title='bbox 390 1192 576 1237; x_wconf 89' lang='lat' dir='ltr'><strong>insolita</strong></span> <span class='ocrx_word' id='word_1_108' title='bbox 616 1193 835 1250; x_wconf 86' lang='lat' dir='ltr'><strong>quaedam</strong></span> <span class='ocrx_word' id='word_1_109' title='bbox 884 1192 1050 1235; x_wconf 90' lang='lat' dir='ltr'><strong>solutio</strong></span> <span class='ocrx_word' id='word_1_110' title='bbox 1095 1193 1332 1237; x_wconf 74' lang='lat' dir='ltr'><strong>verborum</strong></span> <span class='ocrx_word' id='word_1_111' title='bbox 1371 1195 1524 1250; x_wconf 88' lang='lat' dir='ltr'><strong>(pedis</strong></span> <span class='ocrx_word' id='word_1_112' title='bbox 1553 1208 1630 1238; x_wconf 86' lang='lat' dir='ltr'><strong>cn·</strong></span> 
     </span>
     <span class='ocr_line' id='line_1_16' title="bbox 187 1256 1630 1325; baseline 0 -13"><span class='ocrx_word' id='word_1_113' title='bbox 187 1265 409 1325; x_wconf 65' lang='lat' dir='ltr'><strong>hedam),</strong></span> <span class='ocrx_word' id='word_1_114' title='bbox 451 1256 571 1312; x_wconf 81' lang='lat' dir='ltr'><strong>sicut</strong></span> <span class='ocrx_word' id='word_1_115' title='bbox 607 1268 655 1309; x_wconf 90' lang='lat' dir='ltr'><strong>in</strong></span> <span class='ocrx_word' id='word_1_116' title='bbox 696 1267 897 1311; x_wconf 88' lang='lat' dir='ltr'><strong>secunda</strong></span> <span class='ocrx_word' id='word_1_117' title='bbox 938 1273 1086 1310; x_wconf 89' lang='lat' dir='ltr'><strong>exstat</strong></span> <span class='ocrx_word' id='word_1_118' title='bbox 1121 1268 1256 1324; x_wconf 87' lang='lat' dir='ltr'><strong>pede,</strong></span> <span class='ocrx_word' id='word_1_119' title='bbox 1301 1269 1401 1325; x_wconf 91' lang='lat' dir='ltr'><strong>qui,</strong></span> <span class='ocrx_word' id='word_1_120' title='bbox 1442 1283 1630 1325; x_wconf 87' lang='lat' dir='ltr'><strong>quaeso,</strong></span> 
     </span>
     <span class='ocr_line' id='line_1_17' title="bbox 188 1326 1631 1400; baseline 0.001 -14"><span class='ocrx_word' id='word_1_121' title='bbox 188 1341 288 1387; x_wconf 87' lang='lat' dir='ltr'><strong>fieri</strong></span> <span class='ocrx_word' id='word_1_122' title='bbox 317 1326 478 1400; x_wconf 62' lang='lat' dir='ltr'><strong>potuit,</strong></span> <span class='ocrx_word' id='word_1_123' title='bbox 507 1349 557 1384; x_wconf 90' lang='lat' dir='ltr'><strong>ut</strong></span> <span class='ocrx_word' id='word_1_124' title='bbox 583 1341 750 1385; x_wconf 88' lang='lat' dir='ltr'><strong>Atilius</strong></span> <span class='ocrx_word' id='word_1_125' title='bbox 780 1342 1080 1394; x_wconf 70' lang='lat' dir='ltr'><strong>Eoi-mumius,</strong></span> <span class='ocrx_word' id='word_1_126' title='bbox 1111 1342 1267 1386; x_wconf 83' lang='lat' dir='ltr'><strong>dicens</strong></span> <span class='ocrx_word' id='word_1_127' title='bbox 1312 1336 1378 1397; x_wconf 80' lang='lat' dir='ltr'><strong>(p.</strong></span> <span class='ocrx_word' id='word_1_128' title='bbox 1414 1343 1531 1386; x_wconf 77' lang='lat'><strong>2679</strong></span> <span class='ocrx_word' id='word_1_129' title='bbox 1561 1343 1631 1387; x_wconf 86' lang='lat' dir='ltr'><strong>ed.</strong></span> 
     </span>
     <span class='ocr_line' id='line_1_18' title="bbox 194 1411 1631 1479; baseline 0 -19"><span class='ocrx_word' id='word_1_130' title='bbox 194 1411 404 1479; x_wconf 81' lang='lat' dir='ltr'><strong>Putseh.)</strong></span> <span class='ocrx_word' id='word_1_131' title='bbox 420 1431 473 1460; x_wconf 89' lang='lat' dir='ltr'><strong>se</strong></span> <span class='ocrx_word' id='word_1_132' title='bbox 488 1417 565 1459; x_wconf 86' lang='lat' dir='ltr'><strong>vix</strong></span> <span class='ocrx_word' id='word_1_133' title='bbox 584 1416 814 1459; x_wconf 88' lang='lat' dir='ltr'><strong>invenisse</strong></span> <span class='ocrx_word' id='word_1_134' title='bbox 833 1430 1013 1468; x_wconf 86' lang='lat' dir='ltr'><strong>versus,</strong></span> <span class='ocrx_word' id='word_1_135' title='bbox 1036 1429 1150 1472; x_wconf 92' lang='lat' dir='ltr'><strong>quos</strong></span> <span class='ocrx_word' id='word_1_136' title='bbox 1166 1430 1247 1471; x_wconf 89' lang='lat' dir='ltr'><strong>pro</strong></span> <span class='ocrx_word' id='word_1_137' title='bbox 1270 1415 1471 1471; x_wconf 87' lang='lat' dir='ltr'><strong>exemplo</strong></span> <span class='ocrx_word' id='word_1_138' title='bbox 1491 1431 1631 1472; x_wconf 90' lang='lat' dir='ltr'><strong>pone·</strong></span> 
     </span>
    </p>
   </div>
   <div class='ocr_carea' id='block_1_3' title="bbox 188 1486 1712 1549">
    <p class='ocr_par' dir='ltr' id='par_1_3' title="bbox 188 1486 1712 1549">
     <span class='ocr_line' id='line_1_19' title="bbox 188 1486 1712 1549; baseline -0.001 -14"><span class='ocrx_word' id='word_1_139' title='bbox 188 1498 273 1545; x_wconf 86' lang='lat' dir='ltr'><strong>ret,</strong></span> <span class='ocrx_word' id='word_1_140' title='bbox 304 1487 351 1535; x_wconf 84' lang='lat' dir='ltr'><strong>et</strong></span> <span class='ocrx_word' id='word_1_141' title='bbox 379 1504 605 1549; x_wconf 89' lang='lat' dir='ltr'><strong>quaerens</strong></span> <span class='ocrx_word' id='word_1_142' title='bbox 645 1490 875 1547; x_wconf 85' lang='lat' dir='ltr'><strong>exempla,</strong></span> <span class='ocrx_word' id='word_1_143' title='bbox 905 1504 996 1533; x_wconf 90' lang='lat' dir='ltr'><strong>non</strong></span> <span class='ocrx_word' id='word_1_144' title='bbox 1036 1491 1223 1546; x_wconf 87' lang='lat' dir='ltr'><strong>primum</strong></span> <span class='ocrx_word' id='word_1_145' title='bbox 1253 1491 1389 1534; x_wconf 85' lang='lat' dir='ltr'><strong>totius</strong></span> <span class='ocrx_word' id='word_1_146' title='bbox 1420 1486 1631 1535; x_wconf 79' lang='lat' dir='ltr'><strong>carminis</strong></span> <span class='ocrx_word' id='word_1_147' title='bbox 1707 1538 1712 1545; x_wconf 38' lang='grc' dir='ltr'><strong><em>Ι</em></strong></span> 
     </span>
    </p>
   </div>
   <div class='ocr_carea' id='block_1_4' title="bbox 188 1563 1632 2664">
    <p class='ocr_par' dir='ltr' id='par_1_4' title="bbox 191 1563 1631 1621">
     <span class='ocr_line' id='line_1_20' title="bbox 191 1563 1631 1621; baseline 0 -12"><span class='ocrx_word' id='word_1_148' title='bbox 191 1580 375 1609; x_wconf 84' lang='lat' dir='ltr'><strong>versum</strong></span> <span class='ocrx_word' id='word_1_149' title='bbox 414 1568 565 1620; x_wconf 86' lang='lat' dir='ltr'><strong>potius</strong></span> <span class='ocrx_word' id='word_1_150' title='bbox 604 1565 866 1620; x_wconf 86' lang='lat' dir='ltr'><strong>protulerit,</strong></span> <span class='ocrx_word' id='word_1_151' title='bbox 907 1578 1038 1621; x_wconf 89' lang='lat' dir='ltr'><strong>quam</strong></span> <span class='ocrx_word' id='word_1_152' title='bbox 1079 1563 1195 1606; x_wconf 87' lang='lat' dir='ltr'><strong>alios</strong></span> <span class='ocrx_word' id='word_1_153' title='bbox 1224 1563 1404 1621; x_wconf 88' lang='lat' dir='ltr'><strong>longius</strong></span> <span class='ocrx_word' id='word_1_154' title='bbox 1434 1565 1631 1621; x_wconf 69' lang='lat' dir='ltr'><strong>petitos?</strong></span> 
     </span>
    </p>

    <p class='ocr_par' dir='ltr' id='par_1_5' title="bbox 191 1639 1629 1771">
     <span class='ocr_line' id='line_1_21' title="bbox 306 1639 1629 1695; baseline 0 -11"><span class='ocrx_word' id='word_1_155' title='bbox 306 1641 503 1684; x_wconf 85' lang='lat' dir='ltr'><strong>Secundi</strong></span> <span class='ocrx_word' id='word_1_156' title='bbox 533 1654 694 1683; x_wconf 87' lang='lat' dir='ltr'><strong>versus</strong></span> <span class='ocrx_word' id='word_1_157' title='bbox 724 1641 863 1683; x_wconf 87' lang='lat' dir='ltr'><strong>verba</strong></span> <span class='ocrx_word' id='word_1_158' title='bbox 891 1639 1088 1692; x_wconf 85' lang='lat' dir='ltr'><strong>Merula,</strong></span> <span class='ocrx_word' id='word_1_159' title='bbox 1128 1652 1317 1695; x_wconf 87' lang='lat' dir='ltr'><strong>eumque</strong></span> <span class='ocrx_word' id='word_1_160' title='bbox 1355 1647 1539 1684; x_wconf 86' lang='lat' dir='ltr'><strong>secutus</strong></span> <span class='ocrx_word' id='word_1_161' title='bbox 1577 1640 1629 1684; x_wconf 84' lang='lat' dir='ltr'><strong>E.</strong></span> 
     </span>
     <span class='ocr_line' id='line_1_22' title="bbox 191 1713 1232 1771; baseline -0.002 -13"><span class='ocrx_word' id='word_1_162' title='bbox 191 1715 589 1771; x_wconf 82' lang='lat' dir='ltr'><strong>Spangenbergius</strong></span> <span class='ocrx_word' id='word_1_163' title='bbox 620 1713 785 1770; x_wconf 87' lang='lat' dir='ltr'><strong>aliique</strong></span> <span class='ocrx_word' id='word_1_164' title='bbox 818 1714 886 1756; x_wconf 85' lang='lat' dir='ltr'><strong>sic</strong></span> <span class='ocrx_word' id='word_1_165' title='bbox 916 1713 1232 1756; x_wconf 86' lang='lat' dir='ltr'><strong>exhibuerunt:</strong></span> 
     </span>
    </p>

    <p class='ocr_par' dir='ltr' id='par_1_6' title="bbox 193 1787 1631 1919">
     <span class='ocr_line' id='line_1_23' title="bbox 304 1787 1631 1844; baseline -0.001 -12"><span class='ocrx_word' id='word_1_166' title='bbox 304 1789 443 1832; x_wconf 89' lang='lat' dir='ltr'><strong>Vires</strong></span> <span class='ocrx_word' id='word_1_167' title='bbox 470 1788 713 1844; x_wconf 85' lang='lat' dir='ltr'><strong>frudesque</strong></span> <span class='ocrx_word' id='word_1_168' title='bbox 743 1788 962 1842; x_wconf 86' lang='lat' dir='ltr'><strong>poenicas</strong></span> <span class='ocrx_word' id='word_1_169' title='bbox 982 1787 1132 1841; x_wconf 81' lang='lat' dir='ltr'><strong>fabor3</strong></span> <span class='ocrx_word' id='word_1_170' title='bbox 1163 1794 1239 1830; x_wconf 89' lang='lat' dir='ltr'><strong>aut</strong></span> <span class='ocrx_word' id='word_1_171' title='bbox 1267 1787 1358 1830; x_wconf 89' lang='lat' dir='ltr'><strong>alia</strong></span> <span class='ocrx_word' id='word_1_172' title='bbox 1385 1787 1631 1831; x_wconf 85' lang='lat' dir='ltr'><strong>litterarum</strong></span> 
     </span>
     <span class='ocr_line' id='line_1_24' title="bbox 193 1863 440 1919; baseline -0.004 -13"><span class='ocrx_word' id='word_1_173' title='bbox 193 1863 440 1919; x_wconf 84' lang='lat' dir='ltr'><strong>scriptura:</strong></span> 
     </span>
    </p>

    <p class='ocr_par' dir='ltr' id='par_1_7' title="bbox 496 1934 1328 1993">
     <span class='ocr_line' id='line_1_25' title="bbox 496 1934 1328 1993; baseline -0.001 -13"><span class='ocrx_word' id='word_1_174' title='bbox 496 1937 633 1981; x_wconf 85' lang='lat' dir='ltr'><strong>Vires</strong></span> <span class='ocrx_word' id='word_1_175' title='bbox 660 1935 935 1993; x_wconf 84' lang='lat' dir='ltr'><strong>fraudesque</strong></span> <span class='ocrx_word' id='word_1_176' title='bbox 963 1936 1154 1992; x_wconf 85' lang='lat' dir='ltr'><strong>punicas</strong></span> <span class='ocrx_word' id='word_1_177' title='bbox 1184 1934 1328 1979; x_wconf 85' lang='lat' dir='ltr'><strong>fabor.</strong></span> 
     </span>
    </p>

    <p class='ocr_par' dir='ltr' id='par_1_8' title="bbox 188 2010 1632 2290">
     <span class='ocr_line' id='line_1_26' title="bbox 305 2010 1630 2067; baseline -0.003 -9"><span class='ocrx_word' id='word_1_178' title='bbox 305 2014 367 2058; x_wconf 85' lang='lat' dir='ltr'><strong>At</strong></span> <span class='ocrx_word' id='word_1_179' title='bbox 397 2013 576 2057; x_wconf 68' lang='lat' dir='ltr'><strong>„virosa</strong></span> <span class='ocrx_word' id='word_1_180' title='bbox 605 2025 698 2055; x_wconf 92' lang='lat' dir='ltr'><strong>non</strong></span> <span class='ocrx_word' id='word_1_181' title='bbox 730 2010 878 2055; x_wconf 91' lang='lat' dir='ltr'><strong>solum</strong></span> <span class='ocrx_word' id='word_1_182' title='bbox 920 2018 1104 2067; x_wconf 89' lang='lat' dir='ltr'><strong>propter</strong></span> <span class='ocrx_word' id='word_1_183' title='bbox 1138 2012 1268 2055; x_wconf 84' lang='lat' dir='ltr'><strong>codd.</strong></span> <span class='ocrx_word' id='word_1_184' title='bbox 1306 2011 1630 2063; x_wconf 85' lang='lat' dir='ltr'><strong>auctoritatem,</strong></span> 
     </span>
     <span class='ocr_line' id='line_1_27' title="bbox 190 2086 1632 2144; baseline -0.002 -11"><span class='ocrx_word' id='word_1_185' title='bbox 190 2090 273 2133; x_wconf 89' lang='lat' dir='ltr'><strong>sed</strong></span> <span class='ocrx_word' id='word_1_186' title='bbox 313 2089 447 2132; x_wconf 89' lang='lat' dir='ltr'><strong>etiam</strong></span> <span class='ocrx_word' id='word_1_187' title='bbox 483 2094 669 2143; x_wconf 90' lang='lat' dir='ltr'><strong>propter</strong></span> <span class='ocrx_word' id='word_1_188' title='bbox 704 2086 982 2143; x_wconf 85' lang='lat' dir='ltr'><strong>analogiam,</strong></span> <span class='ocrx_word' id='word_1_189' title='bbox 1013 2100 1129 2144; x_wconf 90' lang='lat' dir='ltr'><strong>quae</strong></span> <span class='ocrx_word' id='word_1_190' title='bbox 1160 2092 1309 2130; x_wconf 85' lang='lat' dir='ltr'><strong>exstat</strong></span> <span class='ocrx_word' id='word_1_191' title='bbox 1335 2086 1380 2128; x_wconf 88' lang='lat' dir='ltr'><strong>in</strong></span> <span class='ocrx_word' id='word_1_192' title='bbox 1420 2086 1632 2143; x_wconf 82' lang='lat' dir='ltr'><strong>Odyssea</strong></span> 
     </span>
     <span class='ocr_line' id='line_1_28' title="bbox 190 2161 1632 2222; baseline -0.003 -14"><span class='ocrx_word' id='word_1_193' title='bbox 190 2171 325 2222; x_wconf 83' lang='lat' dir='ltr'><strong>atque</strong></span> <span class='ocrx_word' id='word_1_194' title='bbox 355 2164 402 2207; x_wconf 91' lang='lat' dir='ltr'><strong>in</strong></span> <span class='ocrx_word' id='word_1_195' title='bbox 432 2162 673 2218; x_wconf 83' lang='lat' dir='ltr'><strong>Virgiliani</strong></span> <span class='ocrx_word' id='word_1_196' title='bbox 703 2161 913 2204; x_wconf 87' lang='lat' dir='ltr'><strong>carminis</strong></span> <span class='ocrx_word' id='word_1_197' title='bbox 942 2161 1069 2203; x_wconf 87' lang='lat' dir='ltr'><strong>initio</strong></span> <span class='ocrx_word' id='word_1_198' title='bbox 1107 2161 1430 2203; x_wconf 89' lang='lat' dir='ltr'><strong>restituendum</strong></span> <span class='ocrx_word' id='word_1_199' title='bbox 1465 2161 1632 2216; x_wconf 81' lang='lat' dir='ltr'><strong>putavi.</strong></span> 
     </span>
     <span class='ocr_line' id='line_1_29' title="bbox 188 2234 1450 2290; baseline -0.005 -8"><span class='ocrx_word' id='word_1_200' title='bbox 188 2238 359 2282; x_wconf 82' lang='lat' dir='ltr'><strong>Eadem</strong></span> <span class='ocrx_word' id='word_1_201' title='bbox 389 2237 508 2281; x_wconf 87' lang='lat' dir='ltr'><strong>enim</strong></span> <span class='ocrx_word' id='word_1_202' title='bbox 534 2237 710 2279; x_wconf 89' lang='lat' dir='ltr'><strong>ratione</strong></span> <span class='ocrx_word' id='word_1_203' title='bbox 738 2235 897 2278; x_wconf 88' lang='lat' dir='ltr'><strong>Livius</strong></span> <span class='ocrx_word' id='word_1_204' title='bbox 926 2235 1214 2278; x_wconf 89' lang='lat' dir='ltr'><strong>Anoronicus</strong></span> <span class='ocrx_word' id='word_1_205' title='bbox 1244 2234 1450 2290; x_wconf 76' lang='lat' dir='ltr'><strong>scripsit:</strong></span> 
     </span>
    </p>

    <p class='ocr_par' dir='ltr' id='par_1_9' title="bbox 395 2310 1426 2363">
     <span class='ocr_line' id='line_1_30' title="bbox 395 2310 1426 2363; baseline -0.003 -8"><span class='ocrx_word' id='word_1_206' title='bbox 395 2311 555 2355; x_wconf 74' lang='lat' dir='ltr'><strong>Virum</strong></span> <span class='ocrx_word' id='word_1_207' title='bbox 580 2310 704 2363; x_wconf 76' lang='lat' dir='ltr'><strong>mihi,</strong></span> <span class='ocrx_word' id='word_1_208' title='bbox 734 2323 962 2362; x_wconf 81' lang='lat' dir='ltr'><strong>casmena,</strong></span> <span class='ocrx_word' id='word_1_209' title='bbox 992 2310 1144 2353; x_wconf 84' lang='lat' dir='ltr'><strong>insece</strong></span> <span class='ocrx_word' id='word_1_210' title='bbox 1173 2310 1426 2361; x_wconf 75' lang='lat' dir='ltr'><strong>versutum3</strong></span> 
     </span>
    </p>

    <p class='ocr_par' dir='ltr' id='par_1_10' title="bbox 191 2383 1628 2517">
     <span class='ocr_line' id='line_1_31' title="bbox 307 2383 1628 2443; baseline -0.003 -13"><span class='ocrx_word' id='word_1_211' title='bbox 307 2387 456 2443; x_wconf 52' lang='lat' dir='ltr'><strong>Virga</strong></span> <span class='ocrx_word' id='word_1_212' title='bbox 486 2385 627 2428; x_wconf 89' lang='lat' dir='ltr'><strong>Arma</strong></span> <span class='ocrx_word' id='word_1_213' title='bbox 655 2385 887 2441; x_wconf 87' lang='lat' dir='ltr'><strong>virumque</strong></span> <span class='ocrx_word' id='word_1_214' title='bbox 919 2396 1058 2439; x_wconf 86' lang='lat' dir='ltr'><strong>cano;</strong></span> <span class='ocrx_word' id='word_1_215' title='bbox 1089 2391 1133 2427; x_wconf 88' lang='lat' dir='ltr'><strong>et</strong></span> <span class='ocrx_word' id='word_1_216' title='bbox 1160 2384 1274 2434; x_wconf 82' lang='lat' dir='ltr'><strong>Aen.</strong></span> <span class='ocrx_word' id='word_1_217' title='bbox 1315 2384 1349 2428; x_wconf 89' lang='lat'><strong>1.</strong></span> <span class='ocrx_word' id='word_1_218' title='bbox 1391 2383 1490 2428; x_wconf 83' lang='lat'><strong>566.</strong></span> <span class='ocrx_word' id='word_1_219' title='bbox 1548 2383 1628 2427; x_wconf 89' lang='lat' dir='ltr'><strong>Vi-</strong></span> 
     </span>
     <span class='ocr_line' id='line_1_32' title="bbox 191 2459 1578 2517; baseline -0.006 -11"><span class='ocrx_word' id='word_1_220' title='bbox 191 2476 270 2506; x_wconf 87' lang='lat' dir='ltr'><strong>ros</strong></span> <span class='ocrx_word' id='word_1_221' title='bbox 299 2462 578 2517; x_wconf 85' lang='lat' dir='ltr'><strong>virtutesque</strong></span> <span class='ocrx_word' id='word_1_222' title='bbox 608 2459 787 2503; x_wconf 87' lang='lat' dir='ltr'><strong>Troiae.</strong></span> <span class='ocrx_word' id='word_1_223' title='bbox 1573 2461 1578 2464; x_wconf 85' lang='lat'>&#39;</span> 
     </span>
    </p>

    <p class='ocr_par' dir='ltr' id='par_1_11' title="bbox 191 2532 1628 2664">
     <span class='ocr_line' id='line_1_33' title="bbox 308 2532 1628 2590; baseline -0.004 -10"><span class='ocrx_word' id='word_1_224' title='bbox 308 2536 440 2586; x_wconf 88' lang='lat' dir='ltr'><strong>Quod</strong></span> <span class='ocrx_word' id='word_1_225' title='bbox 470 2536 528 2578; x_wconf 89' lang='lat' dir='ltr'><strong>ad</strong></span> <span class='ocrx_word' id='word_1_226' title='bbox 559 2535 785 2579; x_wconf 89' lang='lat' dir='ltr'><strong>scribendi</strong></span> <span class='ocrx_word' id='word_1_227' title='bbox 814 2534 1034 2577; x_wconf 87' lang='lat' dir='ltr'><strong>rationem</strong></span> <span class='ocrx_word' id='word_1_228' title='bbox 1063 2535 1275 2590; x_wconf 86' lang='lat' dir='ltr'><strong>pertinet,</strong></span> <span class='ocrx_word' id='word_1_229' title='bbox 1306 2534 1490 2590; x_wconf 82' lang='lat' dir='ltr'><strong>scripsi:</strong></span> <span class='ocrx_word' id='word_1_230' title='bbox 1523 2532 1628 2576; x_wconf 71' lang='lat' dir='ltr'><strong>„he-</strong></span> 
     </span>
     <span class='ocr_line' id='line_1_34' title="bbox 191 2607 1628 2664; baseline -0.003 -9"><span class='ocrx_word' id='word_1_231' title='bbox 191 2623 395 2664; x_wconf 76' lang='lat' dir='ltr'><strong>mones“‚</strong></span> <span class='ocrx_word' id='word_1_232' title='bbox 424 2623 516 2653; x_wconf 92' lang='lat' dir='ltr'><strong>non</strong></span> <span class='ocrx_word' id='word_1_233' title='bbox 532 2609 809 2662; x_wconf 63' lang='lat' dir='ltr'><strong>»homines«,</strong></span> <span class='ocrx_word' id='word_1_234' title='bbox 840 2608 1174 2663; x_wconf 72' lang='lat' dir='ltr'><strong>‚‚frudes‘⁶‚non</strong></span> <span class='ocrx_word' id='word_1_235' title='bbox 1205 2608 1468 2662; x_wconf 71' lang='lat' dir='ltr'><strong>„fraudes“,</strong></span> <span class='ocrx_word' id='word_1_236' title='bbox 1500 2607 1628 2651; x_wconf 86' lang='lat' dir='ltr'><strong>cuius</strong></span> 
     </span>
    </p>
   </div>
  </div>
 </body>
</html>
