1814 2767
1555 83 1610 134 ‘51

281 203 601 264 ‘Antiquissimi
639 215 801 250 versus
834 203 1052 256 Saturnii,
1083 205 1157 260 qui
1195 216 1250 245 ex
1290 203 1482 247 vetustis
1521 202 1613 246 Ru-

175 265 407 337 manorum
445 268 814 323 carminibus*ad
850 284 1050 320 nostram
1099 289 1243 333 usque
1281 282 1471 321 aetatem
1508 284 1614 327 sunt

176 352 372 406 servati,
409 352 456 397 iu
489 352 675 399 fratrum
713 341 946 396 Arvalium
985 355 1182 397 carmine
1212 357 1406 404 exstant,
1435 353 1557 408 quod
1586 365 1613 394 a

174 427 365 471 Marinio
395 427 507 473 Italo
536 431 581 471 in
610 427 727 470 libro
757 426 814 470 de
842 426 1039 470 Monum.
1099 426 1207 469 Arv.
1247 424 1350 469 frat.
1380 427 1469 468 tab.
1499 424 1612 468 XLI.

178 514 220 546 a.
250 501 415 546 ecitum
443 510 577 561 atque
605 514 768 558 magna
796 502 1027 545 doctrinae
1066 502 1195 556 copia
1221 501 1491 544 illustratum
1528 507 1613 543 est.

174 575 307 625 Quod
336 590 470 633 quum
499 578 545 619 in
575 589 631 618 eo
669 589 830 619 versus
868 589 1024 619 omnes
1062 583 1131 619 ter
1174 575 1351 630 repetiti
1388 574 1611 631 legantur,

175 649 543 709 singulorumque
571 663 781 694 versuum
811 651 885 707 qui
904 650 1025 702 finis,
1056 648 1265 707 quodque
1283 648 1454 691 initium
1482 647 1615 692 fuerit

176 731 332 780 aperte
370 726 653 778 ostendatur,
691 738 747 769 ea
786 738 843 768 ex
880 737 1050 769 caussa
1079 725 1137 768 ad
1165 736 1378 770 versuum
1408 730 1612 767 naturam

174 800 481 856 rationemque
509 796 886 854 interpretandam
909 800 1102 842 omnium
1122 801 1298 842 videtur
1317 799 1614 854 aptissimum.
1656 840 1661 849 ,

239 909 241 912 ⁴
312 873 437 917 Enos
467 872 613 918 Lases
642 873 814 918 iuvate!

174 948 300 990 Neve
327 945 484 991 luerve
513 947 707 990 marmar
735 949 831 990 sins
861 948 907 990 in
929 948 949 1001 11
977 948 1157 990 currere
1189 950 1233 988 in
1264 947 1467 1001 pleores·

176 1020 311 1065 Satur
338 1020 481 1065 fufere
510 1021 649 1075 Mars,
679 1020 815 1064 limen
845 1020 931 1064 sali
961 1028 1033 1064 sta
1062 1020 1224 1063 herber

177 1094 390 1138 semunis
420 1096 606 1139 alternei
627 1096 646 1149 ΙΙ
666 1095 905 1150 έιᾶνοοὲρίῑ
933 1096 1146 1139 conotus!

311 1169 435 1213 Ends
464 1168 610 1214 Lases
641 1170 811 1213 iuvate!

176 1242 400 1299 Triumpe‚
420 1243 645 1299 Triumpe,
661 1244 889 1299 Triumpe!
909 1243 1132 1298 Triumpe,
1153 1242 1612 1298 Triumpe‚'l'riumpe!

272 1318 466 1359 Primus
495 1330 680 1360 versust
711 1317 879 1370 „Enos‚
908 1318 1053 1360 Lases
1083 1318 1284 1369 iuvate»,
1315 1324 1384 1359 ter
1414 1331 1440 1359 a
1469 1316 1615 1359 fratri·

178 1392 262 1434 bus
290 1391 523 1446 repetituS,
553 1398 729 1435 constat
759 1407 815 1435 ex
844 1392 996 1447 priore
1036 1393 1234 1435 Saturnii
1272 1406 1433 1435 versus
1471 1398 1614 1448 parte,

179 1466 348 1522 totique
378 1466 579 1518 carmini,
609 1472 658 1508 ut
677 1473 900 1523 tamquam
930 1467 1054 1510 basis
1077 1467 1174 1510 eius
1195 1473 1332 1519 esset,
1363 1466 1616 1522 praemissa

179 1548 271 1594 est,
311 1553 400 1597 qua
438 1554 488 1583 re
525 1540 572 1582 id
610 1540 683 1583 vel
719 1542 912 1584 maxime
951 1541 1056 1584 mihi
1102 1541 1384 1596 comprobari
1424 1541 1614 1593 videtur,

178 1628 359 1658 versum
391 1615 484 1658 Sat.
514 1615 835 1671 antiquissimis
865 1616 1141 1670 temporibus
1171 1616 1347 1657 duobus
1379 1629 1433 1657 ex
1472 1615 1615 1665 versi-

179 1689 293 1732 culis
322 1688 466 1732 fuisse
493 1689 803 1744 compositum.
832 1712 889 1719 --
932 1690 983 1732 In
1013 1689 1213 1732 secundo
1245 1697 1289 1732 et
1317 1690 1449 1733 tertio
1480 1702 1616 1733 versu

178 1763 289 1805 nihil
318 1770 417 1816 est‚·=
430 1764 550 1819 quod
580 1770 734 1805 contra
764 1777 885 1815 eam,
927 1777 1058 1819 quam
1089 1763 1426 1814 constituimus,
1460 1763 1613 1806 Satur-

179 1836 241 1878 nii
279 1850 442 1880 versus
480 1835 668 1880 formam
705 1851 759 1881 ac
796 1838 1015 1881 rationem
1064 1839 1135 1880 sit.
1195 1838 1245 1880 ln
1295 1844 1452 1895 quarto
1501 1851 1611 1880 vero

137 1956 140 1961 .
179 1923 316 1952 versu
344 1911 486 1965 primo
517 1913 632 1965 pede
661 1911 804 1953 thesis
835 1912 1004 1954 omissa
1033 1912 1088 1953 ad
1111 1911 1269 1954 deinde
1298 1917 1480 1966 propter
1509 1924 1610 1968 gra·
1661 1907 1665 1909 “

180 1997 281 2028 vem
307 1984 441 2027 huius
473 1999 635 2047 versu-s
665 1970 896 2028 caesuram
924 1984 1072 2040 hiatus
1103 1985 1330 2028 admissus
1361 1992 1446 2029 est.

296 2058 377 2111 (cf.
405 2059 590 2104 Marini:
619 2058 892 2102 Monumenti
929 2059 1168 2102 marmorei
1207 2060 1264 2103 de
1302 2058 1488 2102 fratressi
1526 2060 1611 2104 Ar-

180 2132 284 2175 vali.
314 2134 355 2177 4.
389 2133 516 2177 1795.
546 2148 588 2189 p.
621 2133 736 2177 XLI.
766 2147 807 2176 a.
840 2157 890 2163 —
922 2133 1069 2176 Herm.
1102 2133 1233 2177 elem.
1277 2148 1321 2189 p.
1359 2134 1459 2177 613.
1495 2134 1613 2178 Rud.

182 2207 316 2251 Henr.
346 2207 586 2250 Klaussen.
625 2209 681 2251 de
711 2222 844 2251 carm.
873 2207 996 2251 fratr.
1023 2207 1344 2251 Arv.Bonnae.
1376 2208 1524 2261 1836.)
1559 2232 1611 2240 —

295 2281 333 2323 E
362 2282 632 2325 carminibus
663 2297 841 2340 quoque
879 2282 1127 2327 Saliaribus
1167 2297 1328 2327 versus
1367 2298 1484 2327 unus
1521 2297 1612 2327 me-

183 2355 353 2398 moriae
381 2355 570 2399 traditus
602 2363 686 2411 est,
717 2358 792 2414 qui
823 2359 941 2414 quod
969 2357 1112 2413 primo
1156 2359 1361 2402 videmus
1400 2360 1615 2414 adspectu
1639 2397 1670 2414 „

186 2429 421 2473 Saturnius
452 2437 545 2473 est:

318 2504 483 2548 Divom
513 2504 632 2548 emta
661 2506 793 2550 cante
822 2506 970 2551 divom
989 2506 1009 2562 Η
1029 2507 1131 2550 divo
1161 2505 1458 2563 supplicante.

300 2577 379 2634 (cf.
408 2579 556 2623 Varro
587 2580 642 2624 de
670 2579 702 2623 l.
732 2581 761 2625 l.
792 2580 871 2625 Vl.
900 2582 970 2627 28.
999 2596 1043 2637 p.
1073 2581 1158 2625 314
1198 2581 1276 2638 Sp.
1305 2603 1362 2611 —
1391 2581 1481 2626 Pro
1511 2582 1613 2635 deo,

1293 2675 1340 2717 4*
