1814 2767
189 115 247 160 ⁷4

303 227 603 275 Nihilominus
629 227 806 274 Merula
834 241 1026 288 eumque
1061 235 1261 274 secutur
1283 230 1623 291 spangenberg.

189 318 373 349 versum
400 304 520 349 hunc
549 305 615 366 <ad
653 304 1002 361 descriptionem
1038 303 1205 349 classis
1241 306 1468 360 pertinere
1504 307 1622 351 arbi-

188 386 387 424 tranturz
426 386 474 423 at
510 379 618 423 mihi
654 378 809 435 potius
845 380 906 423 ad
938 378 1173 426 silvicolas
1207 378 1326 425 Latii
1366 387 1412 425 et
1447 378 1625 437 septum

188 455 405 498 montium
432 452 624 506 incolas,
653 460 789 510 atque
816 453 865 496 in
883 453 1046 498 librum
1073 454 1127 498 11.
1154 453 1394 498 referenda
1422 469 1529 500 esse
1556 454 1621 498 vi·

189 529 361 573 dentur.

715 601 929 659 Fragm.
956 601 1102 646 XXV.

324 692 539 750 capessit
565 693 730 750 topper
753 693 976 736 flammam
995 692 1017 749 ΙΙ
1034 692 1230 737 volcani

187 766 269 822 (cf.
297 767 418 811 Fest.
449 781 488 811 S.
516 780 561 811 v.
589 766 798 823 topper3)
826 768 904 811 ubi
932 767 1049 812 haec
1075 769 1217 812 verba
1244 768 1302 811 ad
1330 767 1430 812 libr.
1469 767 1523 812 ll.
1552 780 1622 812 re·

186 841 402 888 feruntur.
459 841 657 887 Versum
685 843 838 887 omisit
867 843 1205 901 spangenberg.

304 918 405 968 Quo
434 930 545 961 vero
577 924 783 974 spectant
811 917 929 963 haec
958 920 1099 962 verba
1126 918 1298 971 nescio,
1329 924 1375 961 at
1404 930 1537 975 quum
1567 917 1625 960 ad

187 992 289 1037 libr.
317 993 371 1036 11.
403 1007 432 1036 a
459 994 596 1037 Festo
626 993 878 1036 referantur
904 992 1096 1036 forsitan
1135 994 1194 1036 ad
1231 994 1457 1036 incensam
1486 1007 1522 1047 a
1558 991 1623 1035 fe-

187 1068 322 1113 minis
352 1068 549 1113 classem
579 1074 799 1124 spectant.

699 1160 912 1216 Fragm.
943 1158 1075 1202 XXV
1075 1158 1108 1202 1.

302 1231 518 1279 „Aeneae
548 1246 605 1278 ex
633 1232 727 1277 filia
755 1240 967 1291 nepotem
993 1232 1232 1278 Romulum
1259 1231 1403 1277 fuisse
1425 1232 1625 1277 Naevius

188 1314 234 1352 et
260 1307 435 1351 Ennius
465 1309 688 1351 tradunt.“

189 1380 268 1435 (of.
299 1381 431 1428 Serv.
461 1383 520 1427 ad
547 1382 662 1428 Aen.
692 1382 725 1426 1.
754 1384 877 1435 2⁷7.)

694 1475 906 1532 Fragm.
934 1473 1120 1519 XXVII.

303 1548 605 1592 „Aventinum
634 1548 818 1607 aliquod
847 1550 902 1592 de
933 1549 1111 1592 caussis
1141 1548 1309 1601 dicunt,
1338 1546 1539 1590 Naevius
1569 1547 1626 1590 de

187 1622 371 1676 avibus3
401 1624 523 1681 quod
554 1638 609 1667 eo
641 1638 693 1667 se
722 1637 751 1667 a
779 1624 930 1667 Tiberi
958 1622 1128 1666 ferrent
1163 1635 1317 1667 aves.“
1358 1620 1438 1677 (cf.
1476 1622 1624 1665 Varro

186 1697 285 1742 libr.
314 1697 373 1742 V.
402 1713 448 1755 p.
477 1713 522 1754 p.
550 1698 622 1742 45.
652 1697 784 1741 Both.
814 1697 972 1755 fragm.
1002 1712 1126 1742 seen.
1156 1697 1210 1741 11.
1240 1712 1283 1753 p.
1313 1696 1421 1751 26..)

303 1772 418 1815 Puto
448 1772 537 1816 hoc
565 1772 862 1829 fragmentum
901 1774 959 1814 ad
994 1771 1173 1815 Romuli
1210 1772 1461 1827 auspicium
1489 1771 1624 1827 perti-

187 1861 313 1901 nere,
344 1847 402 1891 de
433 1862 522 1904 quo
552 1846 724 1890 Ennius
754 1847 892 1890 haee:

463 1920 524 1964 At
552 1920 772 1963 Romulus
801 1919 959 1976 polcer
987 1920 1033 1963 in
1062 1919 1168 1963 alto.

305 1996 491 2045 Quaerit
517 1994 758 2050 Aventino,
789 2009 980 2038 servans
1009 2009 1153 2051 genus
1183 1993 1503 2038 altivolantum.

686 2087 895 2144 Fragm.
926 2088 1132 2133 XXVIII.

304 2160 553 2207 „Palatium
582 2160 658 2204 alii
688 2162 946 2216 aPalantia,
974 2176 1117 2205 uxore
1145 2162 1307 2217 Latini,
1337 2168 1626 2218 putaverunt:

188 2236 379 2279 eundem
416 2236 537 2279 hunc
575 2235 723 2280 locum
762 2251 791 2279 a
813 2250 995 2292 ‘pecore
1034 2237 1199 2280 dictum
1234 2222 1391 2292 putant
1431 2236 1625 2293 quidam,

186 2309 339 2366 itaque
367 2310 567 2353 Naevius
596 2309 822 2354 Balatium
851 2308 1078 2366 appellat„

188 2382 269 2437 (cf.
301 2383 465 2427 Varro.
496 2385 539 2428 d.
568 2384 598 2428 1.
628 2384 657 2428 1.
688 2385 746 2429 V.
776 2399 820 2442 p.
849 2385 923 2428 59.
982 2384 1112 2429 Both.
1144 2383 1302 2443 fragm.
1332 2398 1455 2430 seen.
1496 2384 1554 2428 V.
1584 2385 1626 2427 2.

191 2471 233 2513 p.
263 2456 359 2512 26.)

703 2535 913 2591 Fragm.
952 2533 1114 2578 XXIX.

330 2608 405 2651 »ln
435 2613 612 2679 montes
641 2608 716 2653 ubi
748 2607 869 2653 venti
897 2606 1164 2667 frangebant
1192 2608 1384 2654 locum.“
