1814 2767
191 134 246 180 u

189 246 817 306 noui-omnam&
842 242 1626 312 currilia-imprimam
1712 206 1725 219 j

189 320 874 375 maedivmimoumuxoro
906 321 1628 389 -ωειο,ωᾶοῂιᾳοωο”ῦ.
1706 335 1710 338 ’

189 398 410 444 Naevium
442 397 665 452 (resume
699 397 780 443 Cn.
807 397 1056 453 Naevium)
1091 404 1280 456 poetam
1299 396 1498 449 fibulas
1497 401 1627 456 apud

189 472 406 530 populum
439 471 644 519 dedisse.
708 472 815 518 Alio
852 486 962 518 vero
999 472 1104 519 loco
1145 473 1201 519 N.
1235 472 1294 519 A.
1318 473 1432 520 libr.
1469 472 1547 519 ΠΤ.
1582 474 1627 520 8.

190 546 361 601 scribit,
391 546 631 592 divortium
658 559 688 590 a
701 545 783 604 Sp.
799 545 997 606 Carvilio
1027 559 1139 600 curn
1154 559 1299 592 αισι-υ
1327 538 1629 594 factum-usse

189 634 309 667 auno
338 635 382 667 u.
408 632 450 667 c.
468 619 704 675 Dxxnl„
731 620 794 667 Μ.
823 611 995 675 Attilio,
1025 620 1074 665 Ρ.
1105 621 1292 668 Valerio
1322 635 1474 677 coss..
1494 622 1630 680 idque

190 710 246 740 ex
278 696 427 741 Servii
457 695 647 752 Sulpicii
662 695 791 741 libro
820 696 877 739 de
915 696 1097 740 dotibus
1131 695 1281 742 refert.
1342 696 1444 745 Qua
1470 710 1525 742 re
1552 703 1630 741 aut

190 771 316 827 prior
344 771 402 816 de
429 770 517 816 hoc
546 771 737 816 divortio
766 770 897 816 iocus
917 770 1016 816 libr.
1031 771 1172 815 xvn.
1193 772 1267 826 21,
1296 779 1374 815 aut
1401 772 1519 816 alter
1528 771 1628 816 libr.

190 846 270 890 IV.
284 845 329 899 3,
358 859 578 890 annorum
605 845 806 890 numeris
822 846 1102 890 commutatis
1121 845 1276 890 sanari
1295 846 1443 889 debet.
1483 845 1630 894 Quum

188 934 297 966 vero
329 934 355 964 e
383 920 535 965 Fastis
566 919 834 976 Capitolinis
871 920 1015 963 videri
1052 919 1210 973 liceat,
1246 919 1308 963 M.
1343 918 1546 963 Attilium
1584 925 1631 963 et

188 995 238 1037 P.
269 994 501 1041 Valerium
529 1008 622 1038 non
649 1008 769 1038 anno
799 993 992 1038 Dxxnl
1022 994 1106 1038 sed
1133 1008 1253 1038 anno
1276 993 1491 1039 Dxxvn
1520 1007 1627 1039 con·

192 1069 318 1114 sules
347 1068 492 1113 fuisse
533 1068 665 1125 (nam
693 1082 812 1112 anno
842 1068 1035 1112 DXXIII
1074 1069 1134 1112 M.
1162 1070 1437 1125 Pomponius
1473 1069 1628 1112 Matho

190 1151 234 1188 et
265 1143 314 1188 C.
346 1144 553 1200 Papirius
584 1142 797 1187 consules
836 1142 1019 1198 fuere)=
1058 1144 1169 1187 trias
1209 1144 1360 1188 evadit
1397 1158 1630 1196 annorum,

189 1234 215 1263 e
246 1219 408 1276 quibus
436 1218 598 1261 unicus
626 1218 793 1274 ubique
822 1218 1083 1261 restituatur
1112 1231 1303 1261 necesse
1333 1225 1419 1271 est,
1451 1224 1528 1260 aut
1549 1231 1628 1260 an-

188 1307 277 1338 nus
305 1292 472 1345 DXIX,
503 1299 580 1335 aut
607 1291 802 1334 DXXIII
832 1298 909 1334 aut
936 1291 1167 1335 DXXVII.
1228 1292 1329 1340 Qua
1361 1293 1409 1334 in
1436 1306 1487 1335 re
1517 1292 1629 1335 diiu-

189 1367 382 1411 dicanda
410 1366 554 1421 primo
586 1379 644 1408 ex
672 1366 887 1418 internis,
929 1379 1044 1422 quae
1086 1365 1300 1418 dicimus,
1339 1365 1629 1421 argumentis,

188 1447 391 1498 apparet,
412 1454 576 1483 annum
591 1439 808 1483 DXXVII
825 1439 1019 1483 Gellium
1036 1439 1286 1496 intelligere
1301 1453 1392 1482 non
1410 1441 1629 1495 potuisse.

188 1515 372 1558 Addidit
411 1514 530 1558 enim
564 1515 664 1570 ipse
703 1513 782 1571 Sp.
824 1513 1066 1557 Carvilium
1103 1528 1132 1558 a
1172 1514 1441 1558 censoribus
1479 1514 1630 1558 iurare

190 1603 297 1634 esse
334 1596 540 1633 coactum
579 1587 668 1642 (cf.
706 1589 899 1646 Dionys.
928 1588 1027 1633 Hal.
1058 1589 1115 1632 ΙΙ.
1152 1603 1191 1632 c.
1227 1589 1298 1632 25.
1336 1585 1629 1645 ἀναγκαζόμε-

187 1680 260 1715 νος
287 1661 375 1708 ὑπὸ
405 1666 493 1707 τῶν
526 1664 723 1721 Τιμητῶν
756 1661 967 1719 ὄμόσαι);
999 1676 1087 1718 qua
1116 1677 1172 1706 ex
1202 1677 1253 1707 re
1283 1677 1338 1707 eu
1369 1676 1487 1706 anno
1516 1663 1628 1706 Cen-

190 1751 323 1781 sores
352 1737 523 1781 Romae
552 1735 699 1782 fuisse
729 1745 777 1780 ut
806 1737 1071 1794 colligamus
1100 1750 1294 1780 necesse
1324 1744 1409 1781 est.
1458 1736 1518 1781 M.
1547 1736 1629 1780 At-

188 1812 287 1855 tilio
315 1826 443 1863 vero,
472 1811 601 1855 Publ.
632 1811 817 1854 Valerio
849 1824 969 1854 coss.
999 1824 1117 1853 anno
1147 1825 1193 1853 u.
1211 1825 1250 1855 c.
1280 1810 1495 1854 DXXVII
1524 1823 1629 1853 cen-

190 1900 323 1931 sores
352 1885 526 1929 Romae
554 1899 648 1928 non
683 1884 827 1930 fuisse
866 1899 892 1929 e
930 1885 1080 1929 Fastis
1120 1884 1386 1940 Capitolinis
1421 1884 1630 1941 intelligi-

188 1975 304 2004 mus.
347 1959 448 2003 Huc
478 1974 612 2017 quum
643 1960 844 2012 accedat,
863 1961 996 2016 quod
1010 1959 1112 2002 Val.
1136 1960 1256 2002 Max.
1286 1960 1343 2002 de
1372 1965 1498 2002 matr.
1527 1959 1629 2003 ritu.

187 2035 291 2079 libr.
306 2035 362 2079 ΙΙ.
394 2035 435 2078 1.
450 2035 494 2078 4.
510 2041 555 2077 et
567 2033 818 2091 Dionysius
846 2033 948 2077 Hal.
969 2033 997 2077 l.
1018 2033 1049 2076 1.
1079 2033 1169 2076 alio
1199 2047 1253 2076 ac
1281 2047 1398 2077 anno
1413 2032 1630 2077 DXXVII

190 2109 380 2165 primum
416 2108 655 2153 divortium
691 2107 857 2153 factum
896 2121 1003 2152 esse
1040 2108 1339 2162 tradiderunt,
1374 2107 1464 2152 hoc
1493 2106 1630 2153 Gellii

190 2182 295 2228 loco
330 2189 408 2226 aut
447 2196 665 2225 annorum
703 2196 916 2225 numerus
953 2189 1032 2226 aut
1067 2182 1302 2226 consulum
1336 2184 1518 2226 nomina
1553 2189 1631 2227 aut

191 2261 431 2315 utrumque
467 2257 781 2300 commutanda
819 2263 936 2300 sunt.
1011 2257 1250 2307 Quaeritur
1285 2258 1442 2314 igitur,
1483 2263 1628 2301 utrum

192 2346 357 2376 annum
385 2331 590 2376 DXXIII.
622 2345 681 2374 an
724 2345 888 2376 annum
916 2331 1081 2374 DXIX.
1111 2332 1446 2375 constituamus.
1506 2332 1627 2380 Quo-

191 2420 290 2452 rum
318 2405 439 2451 hunc
458 2411 667 2462 spectare
686 2405 863 2451 videtur
882 2405 984 2451 Val.
1004 2405 1124 2451 Max.
1144 2405 1175 2450 1.
1194 2405 1251 2451 Lx
1281 2405 1565 2463 „Repudium
1578 2406 1628 2459 ⁶)

263 2580 305 2622 ὅ)
331 2578 447 2614 Valer.
473 2577 571 2615 Max.
601 2579 669 2613 hoc
692 2579 772 2613 loco
792 2580 968 2614 vocabula
991 2579 1177 2624 repudium
1204 2583 1240 2613 et
1256 2578 1443 2617 divortium
1459 2586 1629 2623 perverso

332 2643 422 2677 inter
447 2653 528 2677 sese
554 2645 755 2679 commutat.
772 2642 968 2688 Repudium
994 2643 1087 2680 euim
1114 2641 1179 2689 Sp.
1198 2642 1375 2678 Carvilius
1399 2641 1531 2677 Romae
1556 2649 1629 2676 non
