1814 2767
1566 210 1624 255 47

190 332 326 393 plane
354 333 536 387 dimersa
562 332 740 376 ratione
767 328 1077 374 diiudicatum
1101 327 1175 381 sit,
1213 338 1360 383 panea
1397 323 1624 370 disserere

192 411 340 454 nobis·
353 414 705 454 consentaneum
733 405 920 457 videtur,
943 410 999 447 ,ut
1026 402 1217 459 quisque
1244 399 1385 458 {quam
1420 400 1469 443 in
1504 399 1622 442 Nae-

191 485 254 529 vii
281 473 490 529 viersibus
519 479 845 526 constituendis
872 480 1116 530 rationem,
1151 488 1358 533 quaeque
1384 479 1624 517 metrorum

151 567 152 570 ’
193 558 414 614 principia
442 555 588 600 secuti
616 555 775 606 simus,
803 565 896 596 non
924 553 1112 608 ignoret.
1538 544 1541 546 ’

299 630 433 675 8ἰοιιι
460 630 576 674 inter
605 636 760 672 omnes
790 632 973 685 ἔειπες,
1013 626 1174 683 quibus
1210 631 1371 668 natura
1409 622 1625 681 quasdam

178 704 462 750 ⁴liberalioris
491 711 537 748 et
563 702 842 746 humanioris
871 700 1040 757 ingenii
1069 700 1200 742 dotes
1226 699 1453 754 praebuit,
1482 710 1626 754 genus

194 780 413 836 quoddam
453 778 609 834 poesis
648 777 806 832 epieae
845 775 1039 818 existere
1090 771 1236 825 solet,
1291 773 1411 828 quod
1455 773 1625 827 absque

194 853 313 896 omni
342 858 436 895 arte
457 858 642 894 externa
656 858 802 892 tamen
833 855 904 892 est
933 848 1077 891 omnis
1092 846 1250 902 poesis
1266 845 1626 896 fundamentum,

195 933 241 969 et
268 926 353 968 arti
382 925 470 980 ipsi
500 925 589 967 iam
618 922 763 978 magis
791 928 1024 977 promotae
1053 920 1332 976 aptissimam
1369 920 1555 975 praebet
1583 925 1628 962 et
1661 943 1663 946 .

196 1000 464 1042 uberrimam
499 997 754 1047 materiem3
791 996 855 1038 ita
891 996 939 1037 in
977 1008 1154 1051 quoque
1197 994 1365 1049 populo
1407 994 1625 1050 quaedam

199 1079 270 1116 est
297 1078 537 1115 metrorum
580 1071 773 1126 genuina
810 1076 855 1113 et
891 1068 1108 1112 naturalis
1143 1065 1309 1120 forma,
1346 1081 1434 1124 qua
1470 1068 1628 1122 poesis

196 1144 418 1201 primitiae
447 1145 627 1187 indutae
658 1156 763 1186 esse
794 1141 958 1186 solent.
1000 1141 1126 1184 Haec
1154 1155 1264 1184 vero
1293 1139 1441 1184 forma
1469 1147 1627 1184 metro-

196 1234 296 1262 rum
332 1220 514 1262 diversa
551 1225 621 1261 est
660 1218 908 1261 seeundum
945 1217 1168 1259 diversam
1209 1217 1425 1272 cuiusque
1471 1215 1628 1271 populi

197 1292 392 1337 indolem
423 1300 467 1336 et
503 1293 721 1348 cuiusque
759 1291 940 1347 linguae
978 1297 1195 1333 naturam.
1253 1290 1372 1333 Inter
1410 1289 1628 1343 Graecos,

198 1368 274 1424 qui
313 1368 482 1423 magis,
524 1379 655 1422 quam
693 1365 768 1407 alii
798 1364 1045 1407 naturalem
1073 1364 1351 1420 ingeniorum
1390 1371 1434 1407 et
1470 1365 1628 1407 artium

197 1441 431 1485 decursum
462 1440 604 1484 secuti
624 1446 742 1492 sunt,
774 1440 828 1482 ab
847 1439 973 1482 initio
984 1451 1145 1483 versus
1155 1438 1366 1483 heroicus
1397 1439 1627 1493 (hexame-

197 1516 289 1569 ter)
325 1515 407 1557 fuit
435 1514 549 1556 haee
581 1520 824 1556 metrorum
851 1514 995 1556 torma
1024 1514 1271 1569 primitiva3
1301 1514 1466 1570 quippe
1515 1528 1628 1570 quae

197 1603 391 1645 graecae
420 1588 600 1644 linguae
630 1588 769 1630 indoli
800 1595 844 1630 et
872 1588 1309 1642 naturae-aptissima
1348 1597 1483 1631 esset.
1513 1589 1628 1632 Nam

197 1663 244 1705 in
273 1674 328 1705 ea
356 1676 568 1704 numerus
596 1661 841 1705 litterarum
869 1662 1068 1707 brevium
1095 1661 1232 1704 multo
1266 1669 1450 1717 superat
1478 1677 1628 1706 nume-

197 1750 296 1786 rum
324 1736 568 1779 litterarum
598 1737 922 1790 productarum.
983 1736 1033 1777 In
1061 1735 1215 1791 lingua
1250 1749 1359 1778 vero
1390 1736 1554 1789 latina,
1583 1738 1628 1779 in

200 1824 290 1867 qua
320 1810 453 1853 multo
483 1809 584 1865 plus
615 1811 824 1853 brevibus
872 1816 974 1852 sunt
1003 1810 1206 1865 syllabae
1243 1811 1512 1865 productae,
1552 1825 1627 1867 ge-

198 1884 337 1927 nuina
364 1883 509 1927 forma
537 1884 681 1937 metri,
713 1897 828 1941 quae
844 1883 1036 1941 »linguae
1067 1891 1164 1927 erat
1192 1885 1383 1928 maxime
1422 1898 1627 1929 accomo-

200 1959 320 2011 data,
349 1958 591 2002 trochaeus
620 1959 728 2001 mihi
767 1958 910 2002 fuisse
950 1959 1146 2011 videtur,
1187 1973 1375 2015 eumque
1412 1960 1546 2014 igitur
1583 1961 1628 2002 in

198 2032 449 2076 veterrimis
489 2033 644 2088 poesis
682 2032 998 2086 monumentis,
1038 2033 1124 2075 etsi
1163 2033 1343 2075 diversa
1380 2032 1426 2075 in
1468 2031 1627 2086 forma,

198 2119 475 2149 communem
504 2113 691 2148 metrum
719 2105 863 2149 fuisse
892 2107 1094 2148 arbitror.
1154 2106 1300 2154 Quum
1327 2119 1437 2149 vero
1468 2121 1628 2150 secun·

199 2180 301 2222 dam
330 2186 532 2222 naturam
561 2179 676 2221 inter
703 2179 917 2234 populum
944 2193 1037 2223 non
1066 2186 1162 2222 arte
1190 2179 1397 2235 politum,
1435 2181 1518 2224 sed
1555 2194 1627 2223 ru-

199 2254 315 2306 dem,
346 2259 391 2297 et
420 2253 520 2296 solo
551 2254 716 2310 ingenii
745 2255 911 2309 impetu
941 2254 997 2296 ad
1034 2261 1174 2296 artem
1214 2261 1258 2297 et
1293 2255 1469 2309 poesim
1507 2255 1627 2298 dela-

200 2335 293 2371 tum
321 2342 410 2370 non
448 2329 582 2371 unica
620 2336 664 2371 et
703 2329 839 2372 certis
878 2329 1142 2385 quibusdam
1180 2328 1348 2384 regulis
1389 2330 1630 2373 constituta

199 2407 439 2444 metrorum
477 2399 622 2447 forma
659 2402 853 2444 existere
891 2408 936 2443 et
972 2401 1236 2456 praevalere
1280 2403 1450 2457 possit3
1498 2404 1629 2446 nobis

202 2473 335 2517 etiam
383 2474 439 2517 de
486 2481 627 2516 metro
666 2475 919 2527 trochaico,
961 2488 990 2516 a
1027 2475 1200 2517 Latinis
1237 2476 1284 2517 in
1320 2476 1631 2532 antiquissima

209 2547 338 2603 poesi
348 2547 817 2603 populariusitatumid
837 2555 907 2592 est
917 2549 1213 2608 statuendum,
1222 2563 1321 2593 eum
1331 2549 1471 2592 fuisse
1492 2561 1628 2606 gene-

205 2621 344 2666 ralem
373 2622 551 2678 quidem
588 2629 633 2665 et
655 2634 945 2677 communem,
975 2619 1111 2666 sedin
1134 2636 1242 2676 sese
1270 2624 1371 2680 ipso
1403 2623 1631 2668 diversam

203 2702 387 2740 metmm
452 2694 653 2741 formam.
732 2698 902 2742 Omnes
964 2710 1073 2742 vero
1136 2710 1298 2742 versus
1345 2697 1435 2742 hoo
1488 2705 1628 2742 metro
