1814 2767
188 173 247 220 ³6

185 287 417 331 lacrima·
425 285 503 331 vel
531 287 702 334 dolona
712 286 985 331 imitamenta
993 287 1044 331 ἵε·
1072 284 1318 332 Praeterea
1347 288 1419 332 of.
1430 289 1626 349 Dionys.

184 358 284 405 nal.
323 343 570 406 V19.V.
607 359 1042 427 p.291ed.Sylb.
1079 360 1628 419 Ωιιὶιιιῦ.Ο.ἯΠ..9.

185 431 230 492 §.
257 434 301 480 8.
332 435 458 481 Suet.
486 434 604 493 Aug.
636 434 735 480 100.
763 432 936 480 Horat.
950 437 1023 481 od.
1053 436 1107 481 11.
1136 435 1212 481 20.
1271 434 1279 452 ³

302 543 494 602 Quibus
506 544 714 590 omnibus
742 557 801 588 ex
829 520 945 590 locis
983 545 1100 591 inter
1129 558 1235 590 sese
1260 533 1542 614 eomparatis
1577 543 1622 588 id

184 624 397 673 apparet·
425 616 571 661 fuisse
601 631 713 662 sane
743 619 944 662 carmina
973 607 1199 676 quaedam
1222 618 1270 661 in
1297 606 1476 662 lau‘dem
1503 632 1621 662 mor-

182 699 361 737 tuorum
388 692 606 747 instituta,
640 707 758 751 quae
791 693 994 737 Naeuiae
1029 693 1385 746 nominabantur.
1441 693 1504 738 At
1525 692 1621 737 duo

182 765 328 810 fuisse
355 766 515 810 horum
544 768 785 810 carminum
814 780 997 823 genera,
1027 766 1169 810 altera
1196 767 1352 822 inepta
1389 774 1524 826 atque
1553 768 1621 810 in·
1676 759 1679 761 ’

184 842 446 897 composita,
476 855 507 885 a
547 841 810 885 mulieribus
849 843 1055 886 mercede
1094 842 1326 885 conductis
1365 841 1621 896 (praeficis)

181 915 399 968 recitata,
436 914 660 977 rythmicis
700 915 965 973 quibusdam
1006 916 1153 959 modis
1190 914 1374 977 impleta
1408 914 1534 970 (nam
1563 916 1621 958 ad

181 990 317 1033 tibias
360 1004 471 1033 assa
517 1005 632 1034 voce
682 991 1021 1045 contabantur,)
1069 991 1258 1034 forsitan
1304 977 1350 1032 in
1401 980 1622 1048 quemque

181 1071 404 1108 mortuum
432 1064 567 1120 plane
597 1066 768 1117 eadem,
800 1079 912 1122 quae
924 1079 1043 1108 more
1074 1072 1201 1108 erant
1224 1072 1268 1108 et
1296 1066 1620 1109 consuetudine

183 1138 427 1182 constituta
455 1145 588 1195 atque
618 1145 796 1181 vetusta
826 1152 882 1180 ex
911 1139 1174 1195 antiquitate
1203 1139 1377 1182 tradita.

294 1245 454 1290 Altera
491 1260 602 1290 vero
645 1246 789 1304 magis
827 1247 915 1290 iam
965 1254 1143 1303 compta
1182 1253 1316 1304 atque
1354 1248 1617 1304 composita,

180 1327 342 1365 cantus
378 1328 424 1364 et
461 1322 622 1364 modos
659 1321 836 1364 flebiles
873 1336 901 1364 a
939 1322 1204 1378 propinquis
1232 1321 1288 1377 {in
1317 1321 1473 1365 funere
1502 1323 1617 1366 reci-

179 1402 324 1439 tatos:
356 1409 486 1453 quae,
516 1396 557 1439 si
587 1396 644 1439 iis
672 1410 764 1439 non
792 1395 1012 1451 rythmica
1039 1397 1184 1440 inerat
1210 1396 1371 1448 oratio,
1398 1396 1615 1439 laudatio-

180 1483 267 1513 nes
295 1469 510 1514 funebres
540 1470 956 1524 nominabantur.¹⁸)

293 1579 492 1622 Tertium
521 1579 683 1623 deinde
713 1593 857 1636 genus
872 1579 1143 1622 Naeniarum
1172 1585 1282 1631 erat,
1313 1578 1441 1622 cuius
1470 1577 1613 1622 Hora-

177 1653 267 1697 tius
296 1653 372 1698 hio
399 1654 551 1698 verbis
580 1653 687 1699 fecit
715 1654 1006 1698 mentionem:

294 1762 491 1807 „Roscia
522 1765 594 1807 dic
624 1764 760 1806 sodes
791 1763 948 1806 melior
967 1762 1041 1805 lex
1072 1775 1130 1804 an
1159 1775 1399 1817 puerorum
1422 1763 1612 1815 Naeuia,

292 1850 409 1894 quae
436 1851 624 1894 regnum
652 1844 774 1881 recte
804 1836 1071 1880 facientibus
1103 1835 1270 1879 offert.“

290 1911 489 1954 Fuerunt
525 1911 642 1954 haec
680 1911 878 1954 carmina
917 1917 1075 1954 cantus
1114 1909 1310 1965 pueriles
1358 1917 1402 1952 et
1439 1910 1612 1964 ludicri,

175 1985 327 2041 qualis
356 1985 465 2029 illud
497 1987 553 2029 de
570 1986 764 2029 creando
794 1998 929 2041 rege:

574 2059 625 2103 Si
653 2066 777 2103 recte
805 2058 964 2112 facies,
996 2059 1086 2102 eris
1114 2071 1219 2113 rex3

174 2146 291 2191 quae
338 2132 530 2176 forsitan
580 2146 636 2176 ea
665 2147 722 2175 ex
770 2147 937 2176 caussa
979 2133 1179 2176 Naeniae
1224 2140 1328 2175 sunt
1365 2133 1607 2183 nominata,

173 2209 295 2265 quod
324 2208 453 2264 pueri
482 2221 539 2250 ea
568 2210 613 2248 in
640 2205 936 2262 praeficarum
975 2206 1308 2250 similitudinem
1349 2219 1460 2249 assa
1495 2219 1608 2250 voce

175 2282 231 2324 ad
260 2281 399 2355 tibias
424 2282 656 2326 canebant.

223 2550 288 2592 18)
311 2549 368 2583 De
391 2548 656 2584 laudationibus
678 2549 751 2584 fun.
790 2549 835 2584 cf.
860 2549 1010 2595 Dionys.
1035 2559 1072 2585 v.
1097 2560 1131 2594 p.
1156 2551 1235 2585 291.
1261 2548 1342 2584 Liv.
1365 2547 1408 2583 V.
1444 2550 1501 2583 5⁰,
1528 2545 1603 2581 cie.

309 2612 346 2648 d.
370 2615 512 2647 oratore
536 2613 582 2646 11.
608 2612 655 2647 11.
671 2612 764 2647 Gen.
789 2611 836 2647 N.
860 2613 902 2648 A.
927 2612 1029 2646 XIII.
1057 2614 1112 2649 19.
1137 2612 1212 2648 Cic.
1226 2612 1322 2646 Brut.
1339 2610 1490 2646 16.Liv.
1506 2608 1604 2643 vm.

309 2677 365 2708 ⁴⁰.
392 2674 492 2712 Suet.
517 2677 610 2719 Aug.
637 2685 668 2710 c.
695 2676 749 2710 16.
776 2673 900 2710 Quint.
926 2674 1009 2710 XII.
1034 2676 1067 2709 0.
