1814 2767
1556 178 1614 229 85

182 297 353 352 tiliam}
346 297 460 350 (cf.
474 300 614 352 instits
643 305 756 343 orat.
784 296 845 342 Χ.
863 299 911 342 2.
941 296 1232 356 7.)’ςιιίᾶᾶιιιι
1261 297 1515 371 carminum
1531 308 1613 342 no·

181 355 458 429 ηιιηϊΜεεε
470 371 661 419 videtur-
693 379 746 405 “-’-

219 491 223 496 ,
298 447 502 504 Cognata
527 447 654 492 hnic
669 440 912 490 carminum
951 420 1108 503 generi
1144 452 1191 491 et
1227 445 1419 503 quadam
1455 458 1514 489 ex
1541 458 1612 489 ra·

184 522 307 565 tione
343 521 476 565 etiam
513 522 572 567 ad
610 520 783 578 epicam
816 520 995 577 poesim
1032 521 1285 584 spectantia
1310 518 1491 584 suerunt
1517 519 1613 564 car-

184 592 321 648 mina,
351 609 465 653 quae
493 596 694 653 Naeuiae
721 595 1026 641 nominantur:
1066 595 1123 639 de
1153 595 1313 652 quibus
1337 593 1614 646 Niebuhrius

186 669 369 727 putavit,
400 684 455 714 ea
482 666 573 714 non
602 658 777 732 flebiles
806 669 982 724 modos,
1011 669 1130 714 sicut
1144 668 1419 714 Graecorum
1446 671 1618 730 θρῆνοι,

187 745 272 802 sed
300 745 497 787 carmina
525 745 742 802 quaedam
769 743 929 797 fuisse,
966 743 1127 800 quibus
1156 749 1430 790 mortuorum
1458 742 1618 788 laudes

186 818 536 862 decantarentur.
1556 875 1560 878 ι

304 892 405 943 Qua
441 906 515 947 re,
553 898 602 935 ut
638 892 757 934 iusta
794 891 850 934 de
878 891 936 934 iis
972 892 1146 935 ratione
1185 891 1430 936 diiudicare
1469 892 1617 948 possi-

189 980 314 1020 mus,
352 967 501 1009 omnia
537 971 737 1009 veterum
776 964 1043 1021 scriptorum
1080 963 1363 1022 argumenta,
1402 980 1517 1024 quae
1546 973 1624 1011 aut

192 1046 398 1096 spectant
428 1040 484 1083 ad
515 1053 585 1093 ea,
616 1046 693 1083 aut
721 1046 929 1095 spectare
959 1039 1188 1093 videntur,
1223 1039 1311 1084 hac
1339 1029 1622 1096 paragrapho

192 1116 426 1171 congessi,
466 1126 646 1170 remque
683 1113 817 1170 paulo
869 1112 1015 1157 fusius
1055 1114 1257 1159 tractavi.
1316 1113 1624 1160 Gravissimus

192 1190 323 1232 nobis
353 1195 509 1232 auctor
539 1195 608 1232 est
650 1188 878 1242 Nonnius,
917 1191 1080 1244 quippe
1118 1189 1192 1245 qui
1230 1202 1256 1231 e
1295 1188 1502 1233 Varrone
1540 1201 1626 1233 sua

194 1264 344 1307 omnia
379 1263 436 1307 de
471 1262 559 1307 hac
594 1277 645 1306 re
685 1263 940 1319 sumpserit.
1003 1261 1141 1306 Cuius
1181 1270 1284 1306 sunt
1321 1264 1460 1308 verba
1487 1262 1626 1309 haec:

196 1351 234 1381 s·
263 1350 306 1382 v.
336 1338 523 1380 Naeuia.
583 1337 757 1380 Naenia
785 1337 1013 1392 inneptum
1050 1343 1095 1380 et
1130 1336 1403 1381 inconditum
1431 1349 1627 1391 carmen,

197 1412 317 1469 quod
346 1411 538 1454 adducta
563 1412 707 1466 pretio
723 1410 895 1464 mulier,
926 1424 1042 1467 quae
1061 1410 1258 1467 praefica
1287 1411 1525 1467 diceretur,
1555 1412 1628 1466 iis,

198 1486 357 1542 quibus
377 1485 614 1542 propinqui
642 1499 728 1527 non
752 1492 906 1529 essent
924 1486 1127 1539 mortuis,
1156 1485 1396 1530 exhiberet.
1422 1508 1476 1517 -
1495 1485 1629 1530 Varr.

199 1561 240 1602 d.
270 1560 347 1603 vit.
376 1559 427 1602 P.
457 1559 507 1602 P.
538 1560 640 1602 lV.:
671 1560 735 1602 Ibi
766 1573 794 1603 a
823 1558 1031 1612 muliere,
1064 1573 1179 1616 quae
1210 1560 1381 1615 optima
1408 1572 1523 1604 voce
1553 1574 1627 1603 es·

200 1641 284 1687 set,
314 1646 529 1690 perquam
556 1632 743 1685 laudari,
763 1633 936 1677 -deinde
973 1633 1188 1677 Naeuiam
1228 1640 1413 1678 cantare
1450 1632 1631 1677 >solitam

201 1709 259 1751 ad
287 1708 420 1751 tibias
451 1714 495 1750 et
522 1707 649 1751 fides.
707 1707 809 1751 Non
839 1721 877 1751 s.
906 1719 949 1751 v.
979 1706 1203 1751 Praeficaz
1249 1707 1480 1752 Praeficae
1510 1707 1631 1750 dice-

201 1784 362 1826 bantur
391 1781 509 1837 apud
537 1788 730 1836 vetcres‚
762 1794 877 1839 quae
921 1780 1123 1825 adhiberi
1168 1779 1316 1825 solent
1342 1781 1489 1826 funeri
1517 1795 1631 1826 mer·

202 1857 303 1900 cedi
332 1857 596 1908 conductae,
633 1863 682 1899 ut
711 1863 756 1900 et
790 1855 951 1899 flerent
980 1862 1023 1899 et
1057 1854 1192 1898 fortia
1227 1854 1347 1900 facta
1379 1854 1628 1899 laudarent

202 1931 305 1973 Non
333 1944 373 1974 s.
401 1943 444 1973 v.
475 1929 696 1974 siticincs:
726 1929 940 1973 Litic'ines
969 1936 1013 1973 et
1043 1929 1250 1973 Siticines
1280 1943 1308 1971 a
1336 1927 1461 1981 lituo,
1490 1934 1539 1971 ut
1560 1936 1634 1971 >tu·

204 2005 376 2047 bicines
406 2018 434 2046 a
462 2005 583 2056 tuba,
614 2005 677 2046 ita
706 2004 923 2056 siticines‚
954 2003 1029 2058 qui
1058 2003 1176 2057 apud
1204 2001 1438 2045 funeratos
1475 2008 1523 2044 et
1560 2015 1634 2045 se-

205 2077 356 2133 pultos
393 2077 422 2120 i.
461 2090 501 2119 e.
539 2077 654 2119 sitos
692 2090 854 2119 canere
892 2075 1012 2118 soliti
1050 2082 1177 2118 erant
1221 2074 1411 2121 honoris
1450 2089 1637 2127 caussa;

208 2157 366 2195 cantus
395 2148 743 2193 lamentabiles«

322 2218 536 2269 Eiusdem
565 2224 702 2268 moris
744 2223 903 2268 Cicero
934 2225 989 2267 de
1025 2223 1143 2280 legg.
1184 2224 1238 2268 11.
1276 2226 1335 2268 44
1373 2224 1641 2269 mentionem

208 2300 334 2345 fecitt
367 2300 699 2343 Honoratorum‘
722 2300 917 2342 virorum
945 2297 1105 2342 laudes
1136 2302 1181 2341 in
1219 2299 1435 2345 concione
1460 2313 1639 2346 ‚memo-

171 2386 173 2388 ’
210 2381 386 2426 rantor,
426 2387 595 2429 eosque
636 2374 729 2425 (sic
773 2388 874 2418 cum
921 2373 973 2415 A.
1022 2372 1095 2415 W.
1138 2373 1395 2430 Schlegelio
1424 2373 1527 2430 lego
1557 2387 1640 2429 pro

213 2449 400 2505 easque)
432 2447 563 2490 etiam
593 2454 750 2491 cantus
781 2448 837 2490 ad
867 2446 1089 2490 tibicinem
1117 2448 1430 2505 prosequitor,
1460 2447 1531 2491 cui
1560 2461 1641 2490 no-

212 2536 313 2574 men
342 2522 555 2565 Naeniae.
598 2522 677 2565 Cui
708 2519 958 2565 addendum
988 2519 1058 2564 est
1085 2520 1191 2566 Tac.
1221 2521 1426 2564 annslll.
1456 2520 1500 2565 5.
1531 2520 1647 2565 „Ubi

214 2597 294 2641 illa
320 2602 520 2640 veterum
547 2596 780 2640 instituta?
816 2596 1092 2652 propositam
1131 2602 1232 2655 toro
1271 2595 1478 2651 effigiem,
1507 2596 1646 2639 medi-

214 2677 308 2713 tata
344 2670 400 2712 ad
438 2669 693 2713 memoriam
729 2670 904 2713 virtutis
950 2669 1147 2714 carmina
1191 2676 1235 2713 et
1277 2669 1559 2714 laudationes
1604 2676 1649 2713 et
