1814 2767
194 241 310 284 quae
340 225 582 270 mchaeu·
613 226 778 282 uquuo
806 232 893 279 est,
925 239 1027 270 eum
1072 226 1303 276 exolutum
1321 227 1475 285 <suisne
1509 216 1631 276 inve·

191 302 305 344 nies.
366 301 608 357 Spondeos
639 313 748 343 vero
779 301 906 344 rudis
936 300 1178 361 antiquitas
1206 293 1392 360 ubique
1400 309 1614 363 recepit..

260 374 408 419 Hac
436 375 612 420 accedit
641 373 784 417 altera
814 360 1036 431 quaedam
1063 374 1244 419 licentia
1281 375 1524 436 (Exempla
1549 378 1637 429 hu—¹

192 406 265 494 ius
293 450 502 502 licentiae
531 451 620 493 vid.
649 450 696 492 in
727 449 829 493 add:
860 464 903 505 p.
932 451 991 494 55
1019 449 1277 508 alibique.),
1316 466 1434 509 quae
1468 453 1632 510 partim

189 531 287 567 arte
318 525 416 567 eius
445 524 661 579 temporis
701 524 825 575 rudi,
876 524 1036 580 partim
1062 539 1133 568 rex
1166 538 1329 568 versus
1367 526 1512 583 ipsius
1549 540 1628 571 na-

187 606 288 641 tura
315 606 423 641 nata
452 612 560 642 esse
590 599 779 641 videtur.
824 598 974 653 Saepe
1005 600 1122 642 enim
1151 600 1392 654 praecipue
1421 602 1468 644 in
1487 601 1629 657 prima

188 686 245 716 ac
273 672 532 729 penultima,
564 679 752 727 excepta
780 685 890 714 vero
920 671 1075 715 ultima
1103 674 1235 727 sede,
1266 672 1420 718 theses
1450 675 1625 731 suppri-

186 748 446 798 mebantur3
478 747 599 806 quod
628 746 887 788 doctissime
917 747 962 788 in
994 746 1161 790 adnott.
1201 749 1258 790 ad
1297 748 1418 793 Fest.
1456 764 1502 804 p.
1539 750 1626 793 312

187 820 235 865 C.
269 822 322 865 Ο.
354 807 572 864 Milllerus
603 821 772 876 primus
805 821 999 864 omnium
1038 821 1172 875 vidit,
1210 829 1253 865 et
1281 835 1372 865 non
1402 821 1549 866 solum
1578 823 1624 865 in

182 897 577 950 inscriptionibus,
619 897 701 937 sed
738 896 872 937 etiam
911 896 956 936 in
994 895 1109 938 Livii
1148 903 1191 938 et
1227 896 1386 938 Naevii
1416 896 1624 939 versibus

187 971 457 1026 saepissime
486 969 652 1013 factum
684 984 788 1013 esse
821 971 1069 1013 observavi.
1103 970 1243 1014 Vides
1273 971 1427 1027 igitur,
1459 978 1624 1028 quanta

184 1047 243 1088 sit
272 1046 405 1087 huius
436 1058 596 1087 versus
629 1051 673 1085 et
702 1044 857 1100 nostri,
890 1057 1019 1098 quem
1036 1058 1252 1087 vocamus
1283 1045 1619 1102 „Niebelungen

178 1121 344 1171 versa,
376 1120 530 1160 intima
561 1118 819 1169 similitudo,
858 1118 903 1159 in
935 1132 1024 1173 qua
1054 1132 1144 1160 non
1175 1119 1322 1161 solum
1360 1121 1447 1161 duo
1498 1123 1618 1162 inve-

178 1195 279 1236 nies
309 1200 553 1235 metrorum
582 1193 793 1244 membra,
826 1199 869 1235 et
900 1206 981 1234 sex
1012 1206 1142 1235 arsas
1173 1194 1336 1250 ubique
1353 1194 1619 1237 observatas

179 1270 262 1311 sed
294 1269 482 1310 eandem
512 1267 759 1318 licentiam,
793 1280 880 1322 qua
909 1267 1130 1309 interdum
1160 1282 1243 1322 pro
1285 1268 1511 1311 trochaeis
1541 1269 1617 1310 da-

180 1342 287 1399 ctyli
319 1348 694 1396 supponerentur,
728 1348 771 1383 et
807 1341 986 1392 theses,
1019 1342 1058 1383 si
1089 1349 1252 1395 poetae
1282 1341 1428 1392 licuit,
1468 1342 1616 1397 oppri-
1662 1360 1665 1363 ·

176 1423 419 1459 merentur.
451 1415 531 1467 (cf.
561 1416 633 1457 Fr.
663 1429 703 1456 v.
736 1415 980 1471 derHagen
1011 1415 1057 1456 in
1087 1415 1319 1469 prooemio
1350 1429 1394 1469 p.
1424 1414 1616 1459 XXVIII

180 1505 281 1547 sqq.
314 1491 372 1532 ad
403 1504 599 1541 carmen,
632 1491 752 1546 quod
780 1497 966 1532 vocant:
998 1489 1459 1549 Niebelungen-Lied)

289 1564 357 1607 Ea
388 1565 505 1607 enim
537 1571 607 1606 est
637 1571 682 1606 et
710 1578 872 1607 versus
905 1563 1100 1607 Saturnii
1139 1570 1183 1606 ct
1221 1564 1364 1607 nostri
1403 1550 1616 1619 primaria

155 1640 290 1682 'ratio
323 1646 367 1681 et
396 1640 608 1691 conditio,
639 1646 688 1680 ut
717 1653 800 1681 sex
825 1652 954 1681 arses
985 1638 1031 1679 in
1062 1639 1265 1681 omnibus
1295 1639 1503 1681 versibus
1534 1640 1611 1682 ob-

175 1721 384 1757 servatas
415 1714 640 1763 invenias3
671 1720 907 1767 praeterea
936 1726 1046 1755 vero
1077 1711 1172 1755 fere
1202 1712 1327 1754 nulla
1366 1712 1613 1755 subtilioris

174 1789 286 1831 artis
318 1801 427 1830 cura
456 1794 698 1843 gereretur.

287 1862 482 1904 Veteres
513 1862 647 1917 igitur
678 1861 964 1903 Grammatici
995 1860 1142 1912 latini,
1173 1861 1418 1915 prosodiae
1450 1859 1610 1916 ignari,

172 1951 306 1995 quum
346 1943 516 1979 tantum
555 1936 760 1979 viderent
796 1950 958 1978 versus
999 1935 1195 1979 Saturnii
1232 1935 1515 1988 varietatem,
1554 1937 1609 1979 de

172 2012 386 2068 primaria
405 2011 538 2054 huius
559 2025 721 2054 versus
751 2010 897 2054 forma
926 2012 1212 2054 noneandem
1228 2011 1477 2054 habuerant
1506 2024 1607 2054 sen-

168 2087 367 2138 tentiam,
400 2087 482 2129 sed
514 2087 687 2128 etiamsi
718 2086 895 2141 plurimi
933 2099 1031 2128 eam
1074 2099 1205 2142 quam
1244 2099 1383 2140 supra
1420 2084 1608 2127 formam

169 2162 505 2217 proposuimus,
538 2162 776 2216 genuinam
807 2175 911 2203 esse
927 2160 1235 2216 intelligerent,
1255 2159 1460 2215 exempla
1472 2173 1606 2215 quae-

170 2237 272 2277 dam
300 2235 434 2278 huius
464 2249 626 2278 versus
646 2236 882 2286 finxerunt,
914 2249 1029 2290 quae
1057 2233 1227 2287 formis,
1258 2248 1371 2291 quas
1401 2248 1505 2277 sese
1534 2248 1604 2277 re-

167 2310 345 2365 perisse
374 2311 603 2364 putabant,
635 2310 797 2352 similia
826 2316 965 2352 erant.
998 2309 1128 2357 Quod
1156 2309 1291 2365 igitur
1319 2309 1377 2351 ad
1406 2315 1605 2352 nostram

167 2385 490 2428 datm-bandum
519 2385 737 2428 rationem
765 2384 829 2426 nil
858 2383 965 2426 mihi
994 2383 1146 2427 valere
1176 2384 1364 2427 videtur.

166 2458 323 2502 Liceat
354 2458 458 2501 mihi
488 2459 574 2502 hoc
602 2459 706 2502 loco
739 2460 931 2502 addere:

278 2533 496 2589 Exempla
526 2535 746 2590 quaedam
775 2547 987 2576 versuum
1004 2532 1326 2586 Saturniorum‚
1355 2533 1516 2589 quibus
1531 2543 1602 2584 ea,

282 2622 413 2664 quam
443 2608 668 2662 constitui,
701 2623 855 2653 eorum
884 2607 1028 2652 forma
1058 2615 1103 2652 et
1130 2608 1245 2652 ratio
1276 2607 1599 2663 comprobetur.
