1814 2767
186 180 249 232 ,258

191 298 405 352 carmina,
435 313 552 357 quae
582 314 637 342 eo
667 305 868 354 tempore
907 299 954 341 in
990 311 1071 342 ore
1098 298 1251 354 populi
1290 292 1481 346 Rotnani
1509 302 1634 347 scre--

191 375 368 427 bantur,
398 374 651 430 sumpsisse
680 372 887 417 arbitror.
916 373 968 416 ln
997 373 1154 430 prima>
1170 373 1288 417 enim
1316 366 1625 432 fabula'e'pa'r·

191 456 252 501 te,
282 462 386 505 qua,
418 449 641 505 quomodo
651 448 835 490 Aeneas
862 447 1044 491 Troiam
1072 444 1316 504 reliquerit,
1347 450 1524 504 cecinit,
1553 463 1647 496 ne·.

192 537 279 580 que
309 523 498 565 eandem
526 521 674 578 plane,
706 535 761 565 ac
791 521 1008 578 Virgilius
1048 522 1274 580 ceterique
1311 531 1477 579 poetae
1515 525 1628 580 epici

190 597 470 652 posteriores
517 596 736 658 praebent
778 594 998 649 fabulam,
1043 596 1126 639 sed
1169 596 1400 640 Arctinum
1446 605 1629 642 secutus

192 683 297 714 esse
325 671 527 726 videtur3
557 672 614 714 de
644 670 788 714 altera
815 683 924 713 vero
954 677 1106 725 parte,
1138 685 1227 729 qua
1270 673 1325 714 de
1364 672 1548 716 Aeneae
1584 672 1630 714 in

190 743 404 798 Africam,
436 760 491 789 ac
521 741 681 789 deinde
710 745 757 789 in
785 744 960 788 Latium
988 746 1184 789 adventu
1209 738 1389 790 ¹locutus
1420 754 1504 799 est,
1533 746 1630 790 fero

190 819 315 862 nulla
342 820 388 862 in
400 818 590 863 Graecis
621 819 769 876 poetis
800 826 904 863 ante
918 821 1140 870 Naevium
1158 821 1351 877 vestigia
1373 823 1629 875 exstant.²¹)

191 881 408 949 Virgilius
439 897 557 936 enim
575 893 793 954 Aeneam,
814 896 925 938 urbe
945 896 1034 937 iam
1057 909 1085 937 a
1110 895 1295 938 Graecis
1326 894 1488 947 deleta,
1518 895 1628 938 Τιό-

189 968 278 1010 iam
309 968 572 1011 deseruisse
601 975 777 1011 narrat:
807 969 1008 1012 Naevius
1037 983 1164 1022 vero,
1195 969 1311 1026 quod
1331 983 1387 1012 ex
1405 968 1628 1025 fragmen-

190 1042 249 1084 tis
280 1050 483 1097 apparet,
515 1049 617 1085 ante
648 1044 801 1085 urbem
831 1048 1018 1097 captam,
1046 1050 1174 1097 patre
1193 1044 1510 1098 persuadente,
1539 1043 1627 1086 Ae-

190 1129 322 1160 neam
352 1117 398 1158 in
428 1123 622 1159 montem
652 1117 775 1158 Idam
804 1117 1067 1172 migrantem
1095 1116 1216 1160 facit.
1249 1118 1380 1166 Quod
1417 1117 1535 1160 idem
1563 1116 1628 1160 fe-

190 1190 251 1234 cit
277 1189 492 1234 Arctinus
522 1191 569 1232 in
598 1190 749 1234 Procli
780 1191 1006 1246 excerptis
1033 1190 1150 1234 haec
1177 1190 1405 1235 referensz

306 1267 556 1324 Τραπὲντες
586 1267 633 1309 δὲ
662 1266 722 1315 ἐις
752 1266 1020 1323 ἐυφροσύνην
1035 1265 1296 1320 ἕὺωχόυνται
1326 1264 1382 1316 ὦς
1410 1265 1613 1322 ἇπηλλαγ

191 1342 315 1396 μένοι
343 1342 420 1384 τοῦ
449 1341 655 1396 πολέμου
678 1340 726 1383 ἐν
755 1338 872 1398 ἇυτῷ
903 1340 950 1383 δὲ
980 1340 1057 1384 δύο
1088 1339 1316 1397 δράκοντες
1344 1338 1420 1384 τόν
1447 1355 1495 1383 τε
1510 1340 1628 1383 Aao-

192 1414 361 1457 κόωντα
390 1419 465 1457 καὶ
494 1413 572 1457 τὸν
601 1415 747 1472 ἕτερον
775 1417 862 1456 τῶν
891 1413 1064 1456 πάιδων
1102 1414 1446 1470 ὄιαφθέιρουσιν·
1477 1412 1554 1455 ἐπὶ
1583 1413 1632 1455 δὲ

188 1490 248 1545 τῷ
286 1490 436 1544 τέρατι
472 1488 811 1545 δυςφορησοὶντες
846 1486 893 1531 οἵ
921 1492 1022 1544 περὶ
1058 1487 1136 1530 τὸν
1168 1485 1358 1530 Ἀινέιαν
1385 1484 1632 1548 ὕπεξῇλθον

189 1562 250 1612 εἰς
278 1561 357 1619 τὴν
376 1559 502 1619 Ἴδην.
535 1585 588 1592 -
618 1560 820 1605 Eandem
849 1560 1043 1604 fabulam
1075 1559 1325 1616 Sophocles
1369 1573 1548 1616 quoque
1584 1563 1630 1602 in

189 1636 451 1678 Laocoonte
481 1642 665 1678 secutus
697 1640 781 1678 est.
826 1634 907 1690 (cs.
946 1634 1139 1691 Dionys.
1178 1633 1234 1677 A.
1264 1634 1317 1691 R.
1340 1633 1383 1694 ἤΙ.
1421 1635 1478 1677 48
1509 1640 1553 1676 et
1581 1634 1629 1676 F.

187 1709 477 1752 Welckerum
517 1710 563 1750 in
602 1709 718 1752 Mus.
756 1709 899 1751 Rhen.
941 1708 1097 1763 Suppl.
1138 1709 1189 1750 Π.
1232 1710 1270 1750 1.
1301 1723 1342 1763 p.
1389 1709 1628 1751 151—155.

193 1782 340 1833 1839.)
402 1783 630 1839 Σοφοκλῆς
659 1787 739 1838 μὲν
769 1780 792 1826 ὅ
821 1782 1140 1840 τραγῳδοποιὸς
1170 1782 1217 1825 ἓν
1246 1782 1498 1826 Λαοκόωντι
1529 1781 1630 1839 δρά-

188 1874 318 1913 ματι,
356 1856 591 1912 μελλόυσης
634 1854 891 1900 ἁλίσκεσθαι
939 1859 1010 1912 τῆς
1058 1856 1248 1907 πόλεως,
1298 1856 1507 1912 πεπόιηκε
1555 1856 1631 1899 τὸν

183 1931 374 1975 Ἀινείαν
410 1929 811 1986 ἀνασκευαζόμενον
847 1930 907 1980 εἰς
945 1931 1023 1986 τὴν
1049 1927 1184 1986 Ἴδην,
1224 1927 1311 1973 {mci
1350 1933 1425 1973 τοῦ
1465 1929 1627 1986 πατρὸς

182 2004 384 2058 Ἀνχίσου
428 2006 540 2047 κατὰ
586 2005 665 2060 τὴν
711 2004 881 2060 μνήμην
920 2001 980 2047 ὧν
1010 2002 1240 2064 Ἀφροδίτῃ
1286 2004 1507 2062 ἐπέσκηψε
1555 2008 1628 2046 καὶ

189 2077 282 2122 ἀπὸ
313 2080 399 2122 τῶν
445 2083 594 2122 νεωστὶ
638 2081 876 2134 γενομένων
915 2082 1016 2135 περὶ
1054 2078 1152 2128 τοὺς
1189 2077 1520 2127 Λαοκοωντίδας
1560 2090 1628 2133 ση-

188 2156 321 2207 μὲιων
351 2153 426 2197 τοὺ
455 2153 671 2207 μέλλοντα
699 2151 885 2208 ὄλεθρον
913 2156 984 2208 τῆς
1014 2153 1180 2201 πόλεως
1211 2150 1626 2207 συντηκμηράμενον.

306 2226 355 2268 ln
386 2232 536 2269 cetera
563 2240 670 2268 vero
700 2224 867 2278 fabula,
900 2239 1031 2282 quam
1060 2239 1222 2280 presse
1252 2224 1470 2280 Virgilius
1511 2224 1626 2266 Nae-

190 2301 252 2344 vii
282 2301 475 2357 vestigia
505 2307 687 2344 secutus
718 2304 791 2354 sit,
822 2308 867 2343 et
895 2299 1154 2344 Macrobius
1192 2298 1271 2349 (cf.
1312 2299 1490 2342 Saturn.
1529 2297 1628 2340 libr.

235 2559 296 2598 20)
323 2558 426 2594 Quae
453 2558 610 2592 Naevius
638 2569 655 2591 e
682 2558 810 2592 fabulis
826 2558 1041 2591 Graecorum
1068 2555 1226 2590 Siciliam
1254 2554 1504 2596 incolentibus,
1531 2556 1630 2604 prae—v

332 2623 434 2664 cipue
461 2632 546 2654 vero
574 2633 591 2653 a
619 2622 746 2655 fabulis
781 2621 1075 2665 Erycinorum
1109 2619 1311 2663 sumpserit,
1347 2618 1415 2650 alio
1449 2618 1527 2649 loco
1561 2615 1629 2648 dine

331 2695 457 2717 seram.
