1814 2767
190 136 249 180 52

191 250 312 308 quod
340 250 560 306 praebent
588 249 742 309 codd„x
765 247 975 308 quodque
1004 246 1289 303 Her-manna·
1315 250 1409 300 iam
1437 258 1484 297 et
1512 251 1627 299 Gro-

188 323 414 369 tefendius
443 325 490 368 in
521 325 650 369 »dio«
681 331 978 380 mutaverunt,
992 323 1161 379 „ditm
1188 323 1428 384 legendum
1440 327 1632 382 conieci,

190 401 313 457 quod
343 407 388 444 et
415 407 602 444 naturae
631 399 770 443 totius
798 413 962 444 versus
990 401 1199 456 (propter
1216 401 1457 446 verborum
1483 400 1629 444 allita-

191 473 433 528 rationem)
470 473 602 519 valde
640 474 981 519 accomodatum
1018 474 1234 519 videatur.
1269 497 1327 506 —-
1365 474 1437 520 De
1465 474 1636 520 ceteris.

194 548 453 605 fragmentis
485 561 519 590 e·
540 548 809 592 carminibus
841 548 936 592 Sal.
981 549 1114 592 nobis
1151 549 1458 604 conservatis,
1498 561 1631 606 quum

191 623 239 665 in
267 623 407 667 verbo
437 621 534 667 fere
564 635 836 681 unoquoque
865 623 1126 685 coniectura
1153 621 1292 668 multa
1326 623 1537 668 mutanda
1574 636 1631 668 ao

190 698 396 741 sananda
424 698 528 750 sint,
559 697 670 739 nihil
699 698 916 749 dicamus,
942 711 995 739 ne
1025 697 1072 739 in
1101 697 1236 743 nimis
1265 697 1436 742 lubrico
1466 707 1628 754 campo

190 772 565 834 progrediamuq
600 771 715 815 Nam
744 771 790 814 in
820 778 944 814 tanta
973 771 1292 827 scripturarum
1322 779 1368 815 et
1403 772 1628 816 coniectu-

189 859 339 889 rarum
368 851 525 902 seg-ete
553 857 646 888 non
675 843 857 889 difficile
888 849 976 899 est,
1005 845 1255 890 cuiusmodi
1283 851 1524 889 metrorum
1551 857 1632 902 ge·

189 934 299 964 nera
328 920 603 964 constituere
633 928 677 962 et
705 921 911 963 veritatis
942 921 1131 977 quadam
1141 919 1423 964 simulatione
1452 926 1498 964 et
1525 932 1629 974 spe·

190 995 260 1039 cie
291 993 547 1038 defendere.
576 994 725 1038 Unum
754 1001 923 1037 tantum
952 994 1083 1050 prodi
1111 994 1267 1049 liceat,
1307 993 1472 1052 quippe
1510 993 1631 1051 quod

190 1070 494 1126 incorruptum
522 1070 726 1113 videatur
755 1068 1073 1126 fragmentum:

396 1143 576 1194 Pennas
606 1143 979 1201 impennatasque
1010 1157 1169 1201 agnas.

305 1217 386 1272 (cf.
415 1219 537 1262 Fest.
568 1232 608 1271 s,
638 1232 681 1261 v.
711 1219 926 1269 Pennas.)
957 1242 1013 1250 -—

307 1293 517 1335 Carmina
546 1299 694 1335 autem
709 1292 970 1335 Martiorum
998 1281 1149 1337 vatum
1178 1293 1258 1348 (of.
1287 1294 1385 1339 Liv.
1413 1294 1560 1339 XXV.
1587 1295 1632 1338 2.

191 1367 415 1409 Max-orob.
446 1368 479 1409 Ι.
513 1366 603 1420 17.)
635 1374 679 1409 et
709 1366 939 1410 oraculum
968 1380 997 1409 a
1018 1368 1180 1424 Pythia
1208 1368 1397 1410 relatum
1427 1368 1505 1423 (cf.
1533 1368 1630 1411 Liv.

192 1441 249 1486 V.
292 1441 387 1497 16),
426 1454 560 1499 quum
598 1444 686 1484 iam
726 1456 753 1484 a
790 1441 936 1495 Livio,
976 1448 1024 1485 ut
1060 1457 1116 1485 ex
1147 1442 1368 1486 sermonis
1406 1440 1553 1487 forma
1581 1449 1627 1487 et

190 1524 351 1561 natura
378 1517 600 1569 videmus,
644 1516 780 1572 plane
809 1517 1039 1560 immutata
1076 1517 1180 1570 sint,
1220 1531 1368 1574 neque
1406 1517 1454 1560 in
1491 1517 1631 1562 hexa-

190 1598 358 1635 metros
388 1604 535 1647 neque
566 1591 614 1633 in
646 1591 884 1635 Saturnios
924 1605 1086 1634 versus
1115 1592 1322 1647 redigere
1351 1593 1511 1636 audeo.
1569 1591 1632 1635 At

191 1666 428 1709 Saturnios
457 1663 595 1707 multo
625 1663 805 1708 facilius
835 1664 1042 1717 evadere,
1073 1678 1206 1721 quam
1244 1665 1366 1708 aliud
1406 1667 1630 1723 quoddam

190 1747 431 1784 metrorum
459 1753 604 1795 genus
632 1732 999 1782 Hermannus‘in
1030 1740 1155 1783 elem.
1193 1755 1236 1795 p.
1266 1741 1353 1783 617
1390 1748 1435 1783 et
1470 1741 1628 1785 Grute-

193 1812 372 1857 fendius
404 1813 710 1868 comprobant,
741 1813 817 1870 qui
847 1813 893 1855 in
927 1812 1164 1857 Saturnios
1193 1826 1355 1858 versus
1383 1813 1500 1863 haee
1528 1828 1629 1859 ora·

193 1874 298 1931 cula*
328 1888 615 1943 redegerunt.
658 1910 709 1916 —-
750 1886 808 1929 cf.
845 1887 974 1930 Nieb.
1012 1887 1067 1930 R.
1105 1887 1160 1930 G.
1202 1887 1255 1929 11.
1286 1902 1328 1943 p.
1374 1889 1474 1933 536.
1505 1889 1637 1933 Scal..

189 1962 308 2019 apud
337 1960 496 2005 Merul.
528 1962 584 2004 ad
612 1959 804 2004 Ennium
830 1975 875 2017 p.
904 1961 976 2006 87.

302 2036 341 2079 Ε
370 2036 536 2080 ceteris
564 2035 810 2079 litterarum
829 2036 1067 2079 latinarum
1095 2036 1374 2107 fragmentis,
1403 2051 1518 2094 quae
1529 2050 1629 2082 oar·
1641 2087 1643 2089 ,

189 2111 386 2155 minibus
413 2116 516 2152 ante
545 2110 661 2153 Livii
692 2117 736 2153 et
765 2097 923 2153 Naevii
964 2117 1157 2154 aetatem
1196 2112 1382 2166 scriptis
1419 2111 1527 2154 mihi
1562 2110 1628 2154 vi·

190 2186 362 2229 dendur
391 2184 675 2237 vindicanda,
707 2197 762 2227 ea
791 2190 960 2226 tantum
973 2183 1216 2240 proferam,
1247 2199 1434 2243 quorum
1456 2191 1500 2227 et
1527 2198 1628 2228 ver-

189 2263 249 2303 ba
278 2266 323 2303 et
350 2258 601 2302 sententiae
632 2259 768 2301 certis
799 2264 1042 2301 metrorum
1070 2257 1263 2302 vinculis
1294 2273 1351 2302 ea
1378 2257 1522 2302 fuisse
1551 2259 1628 2302 ad-

191 2335 349 2379 stricta
377 2334 682 2388 comprobant.
721 2334 836 2375 Nam
864 2332 1001 2388 Appii
1034 2332 1305 2387 Sententias‚
1335 2341 1381 2377 et
1410 2334 1629 2391 quaedam

189 2409 281 2453 alia
308 2410 480 2452 minuta
508 2405 758 2463 fragmenta
788 2406 867 2459 (of.
898 2421 938 2451 e.
969 2421 1035 2464 gr.
1066 2406 1212 2450 Varro
1242 2407 1319 2450 Vl.
1348 2421 1394 2464 p.
1422 2408 1510 2452 203
1549 2407 1628 2462 Sp.

189 2485 312 2527 Fnst.
344 2497 383 2526 s.
413 2496 454 2525 v.
485 2482 667 2524 retiario
700 2480 816 2525 Gen.
845 2482 899 2524 N.
921 2481 977 2525 A.
1009 2481 1085 2524 lv.
1114 2480 1164 2536 9)
1195 2481 1393 2537 pedestri
1424 2481 1638 2558 oratione.

191 2556 443 2613 composita
471 2562 595 2612 puto.

306 2631 440 2676 Aliud
469 2644 578 2676 vero
610 2638 693 2684 est,
725 2632 866 2689 quod
875 2631 996 2675 Fest.
1028 2645 1067 2676 s.
1097 2645 1138 2676 v.
1169 2630 1367 2676 obstinet
1393 2629 1527 2676 nobis
1554 2642 1626 2674 re-
