1814 2767
193 258 390 313 fartam
423 257 671 307 &tex-amm
705 257 995 321 detrimento
1007 270 1216 320 pmrsus
1221 253 1628 312 Utetur-unt,

192 340 242 379 ut
267 348 345 380 ne.
346 317 755 391 ποεῒῦμςώἆεω
781 345 937 377 eorum
976 337 1167 389 postera
1191 338 1339 377 aetate
1362 333 1626 379 existerent.

193 407 366 455 Verum
380 407 480 452 ιιίεῦ
502 407 603 452 inni*
622 411 809 464 paratos
818 407 1155 464 quodammodo
1175 405 1411 472 etlpronos
1439 407 1494 450 in
1512 401 1623 463 poc-

192 483 279 526 sim
307 479 482 526 animos
509 481 704 562 Romani
728 466 1008 534 habuissent,
1036 494 1129 525 non
1165 479 1374 526 licuisset
1409 487 1622 525 extraneo

191 555 362 603 homini
387 539 683 613 adventicius}
711 559 886 603 musam
913 555 1063 600 statim
1091 555 1140 599 in
1165 554 1390 616 publicum
1416 555 1624 611 prodere,

190 633 253 678 et
264 627 388 696 vulgi
417 629 560 677 oeulis
586 629 884 689 auribusque
892 642 1165 690 proponere,
1193 642 1295 676 nec·
1303 629 1397 672 nisi
1423 628 1513 672 iam
1543 629 1622 674 du·

191 705 295 747 dum
331 709 434 746 ante
482 703 598 746 Livii
628 709 819 747 aetatem
849 702 1052 746 Graecae
1079 701 1259 746 fabulae
1288 702 1460 746 Romae
1488 710 1624 746 notae

190 776 396 830 fuissent,
424 791 506 822 eas
535 778 727 834 quodam
756 791 854 821 cum
866 789 1087 821 successu
1104 777 1152 820 in
1173 789 1357 821 scenam
1370 775 1624 820 >Romanam

190 850 406 905 proferre,
438 856 514 893 aut
542 863 754 905 graecum
782 857 1087 906 argumentum
1129 851 1176 893 in
1213 850 1410 906 linguam
1438 850 1622 894 latinam

189 923 433 968 transferre
462 923 698 978 potuisset.

303 997 354 1039 In
383 997 513 1051 epica
540 997 685 1051 poesi,
729 1010 847 1053 quae
876 1003 949 1039 est
985 997 1168 1040 diversa
1203 998 1260 1040 ab
1300 996 1378 1039 illa
1415 996 1622 1055 populari

188 1070 317 1125 poesi
346 1070 489 1125 epica,
520 1071 576 1113 de
607 1084 696 1127 qua
724 1070 868 1113 adhuc
897 1069 1036 1114 locuti
1065 1084 1234 1124 sumus,
1279 1070 1449 1126 primae
1478 1083 1622 1113 novae

187 1143 298 1186 artis
326 1144 454 1186 initia
478 1150 643 1198 poetae
671 1144 844 1187 romani
874 1158 928 1186 eo
958 1151 1184 1199 ceperunt,
1214 1148 1265 1187 ut
1300 1157 1376 1187 res
1418 1142 1620 1187 Graecas

186 1223 361 1260 vertere
388 1222 623 1260 tentarent.

301 1290 531 1333 „Tentavit
547 1302 740 1346 quoque,
770 1302 865 1333 rem
876 1289 917 1332 si
937 1289 1071 1346 digne
1092 1296 1267 1334 vertere
1277 1297 1475 1345 possetss‘
1507 1291 1617 1335 Hor.

188 1376 290 1417 epp.
322 1363 378 1404 11.
409 1363 447 1404 1.
476 1363 576 1406 259.

299 1436 494 1479 Primum
535 1434 789 1479 huiusmodi
837 1449 1032 1489 carmen,
1083 1436 1140 1481 de
1191 1451 1279 1493 quo
1317 1437 1534 1480 memoria
1575 1445 1621 1481 et

185 1509 402 1566 quaedam
429 1507 680 1564 fragmenta
708 1516 901 1563 exstant,
932 1516 1003 1553 est
1032 1524 1215 1555 carmen
1243 1510 1382 1564 Nelii,
1423 1511 1543 1567 quod
1570 1518 1620 1554 ut

183 1583 406 1640 antiquius
434 1582 551 1626 Livii
580 1583 792 1639 Odyssea
821 1591 865 1627 et
907 1584 1066 1627 Naevii
1105 1584 1222 1628 bello
1261 1585 1425 1640 punico
1465 1590 1618 1640 putem

182 1670 273 1700 non
313 1655 459 1700 solum
487 1657 732 1709 ‚verborum
768 1658 907 1700 nimia
944 1664 1190 1711 vetustate,
1229 1659 1312 1701 sed
1352 1671 1409 1702 ea
1439 1672 1617 1715 quoque

182 1731 383 1774 adducor
411 1743 592 1783 caussa,
624 1732 742 1787 quod
772 1731 818 1774 in
846 1731 999 1783 Festo,
1030 1745 1059 1773 a
1089 1746 1176 1788 quo
1206 1732 1338 1775 nobis
1383 1745 1422 1775 s,
1451 1729 1505 1775 ’ππ
1534 1745 1614 1775 nu-

180 1819 318 1858 mero,
347 1810 567 1859 stuprum,
597 1811 761 1860 topper
801 1804 900 1848 eius
938 1803 1188 1860 fragmenta
1225 1812 1459 1848 reservata
1497 1812 1615 1857 sunt,

179 1878 343 1934 ubique
379 1884 482 1920 ante
516 1877 677 1933 Appii,
722 1878 881 1921 Naevii
913 1885 989 1921 aut
1016 1879 1134 1922 Livii
1162 1892 1324 1922 versus
1354 1879 1471 1921 inter
1500 1880 1612 1921 anti-

180 1950 397 2007 quissima
434 1963 651 1995 romanae
681 1951 838 2006 poesis
877 1949 1141 2007 fragmenta,
1180 1958 1229 1994 ut
1262 1952 1378 1993 inter
1416 1951 1616 1993 carmina

181 2023 388 2076 Saliaria,
417 2017 621 2069 refertur.
678 2025 778 2069 Hoc
803 2024 1034 2067 Charisius
1064 2040 1107 2080 p.
1137 2025 1194 2068 65
1224 2025 1293 2067 ed.
1323 2023 1526 2068 Putschii
1554 2047 1612 2056 —-

179 2113 355 2155 quoque
385 2097 638 2154 significare
668 2098 773 2141 mihi
804 2098 994 2151 videtur,
1026 2099 1116 2154 qui,
1148 2113 1282 2155 quum
1321 2106 1454 2141 antea
1491 2099 1609 2142 Livii
1671 2102 1678 2113 “

179 2184 359 2216 carmen
387 2171 743 2228 antiquissimum
771 2171 1064 2225 nominasset,
1095 2178 1199 2216 tunc
1228 2172 1317 2215 hoe
1361 2172 1610 2227 priscum

179 2245 448 2296 nominaret3
478 2259 564 2288 nec
592 2245 846 2288 Hermanno
875 2259 1062 2300 possum
1085 2238 1364 2299 consentire,
1404 2246 1480 2303 qui
1521 2245 1612 2290 hoc

176 2318 280 2361 loco
310 2324 570 2371 commotus,
601 2319 730 2363 Livio
761 2319 1015 2363 Andronico
1046 2320 1351 2364 carmenNelii
1381 2320 1608 2376 posterius

177 2405 282 2435 esse
311 2393 547 2447 putaverit.
1470 2451 1473 2453 ι

289 2465 331 2508 Α
361 2478 448 2521 quo
478 2465 641 2510 factum
674 2468 747 2520 sit,
779 2474 855 2510 aut
883 2467 987 2523 quid
1027 2469 1275 2523 argumenti
1311 2466 1538 2519 habuerit,
1579 2481 1608 2509 a

176 2538 298 2587 nullo
329 2539 549 2594 scriptore
578 2548 732 2586 vetere
756 2542 1010 2584 adnotatum
1042 2544 1204 2585 inveni.
1263 2541 1429 2584 Verum
1459 2553 1487 2584 a
1514 2540 1606 2585 Ne·

176 2614 264 2667 leo,
294 2619 419 2669 patre
459 2613 640 2659 Nestori
693 2616 867 2662 ductam
898 2613 1255 2671 appellationem,
1288 2618 1423 2671 atque
1462 2629 1488 2659 e
1529 2627 1605 2673 cy-
