1814 2767
196 123 254 170 78

192 237 360 285 Brevia
393 238 464 286 13.
492 237 731 297 Polybium
753 239 802 307 <¹5⁶
843 240 918 292 ιι
945 241 988 287 A
1017 240 1132 289 run.
1160 241 1222 292 n.
1241 227 1302 289 Ν
1331 243 1445 294 vn.-
1459 245 1533 293 eo.
1559 246 1639 294 eo.-

195 309 381 361 XXXV.
408 316 454 360 4.
483 316 525 360 7.
554 315 616 360 Μ.
646 315 872 372 (Marem)
916 318 1183 374 nominatur,
1218 332 1410 379 eumque
1447 327 1632 369 seeum

174 396 267 434 -est
294 388 509 434 Niebuhr.
538 390 592 433 R.
624 389 679 433 G.
709 390 784 434 III.
813 392 914 436 415.
946 392 1101 436 Orelli.
1132 393 1291 438 Onom.
1321 393 1417 439 Cic.
1446 395 1501 440 11.
1531 394 1634 441 630

192 463 298 508 Alio
327 462 432 508 loco
461 463 541 517 (R.
573 463 629 507 G.
659 464 735 507 111.
762 464 890 518 666.)
919 467 1131 511 Niebuhr.
1159 473 1285 513 recte
1313 481 1416 512 eum
1434 469 1632 514 Manium

191 537 403 581 nominat.

677 611 888 667 Fragm.
918 564 1148 658 XXXVII.

328 683 626 743 Pulcramque
657 700 714 730 ex
742 700 854 729 auro
883 694 1073 740 vestem,
1103 689 1420 746 citrosamque.

191 758 268 812 (cf.
301 760 407 804 Isid.
438 761 563 817 Orig.
591 760 671 803 XI.
700 761 771 804 22.
801 760 1003 805 Macrob.
1033 761 1109 806 III.
1141 763 1249 816 15.,)
1279 777 1366 820 quo
1396 763 1500 807 loco
1528 776 1629 806 ver-

193 835 252 877 ba
281 848 340 877 ex
367 834 528 878 Naevii
557 835 679 879 bello
709 835 875 890 punico
903 836 1020 880 haec
1047 844 1216 881 tantum
1245 843 1443 881 exstant:
1489 837 1633 882 „Hinc

195 916 240 951 et
268 910 469 952 Naevius
499 909 547 951 in
575 909 694 952 bello
725 924 832 964 pun.
862 911 1192 959 dicit2‚vestem
1221 912 1472 956 citrosam.“
1516 911 1634 956 Huic

191 983 384 1028 forsitan
413 983 664 1040 fragmento
694 984 815 1026 aliud
845 990 916 1026 est
945 985 1316 1041 coniungendam,
1364 987 1482 1042 quod
1520 985 1632 1029 dila·

196 1066 396 1102 ceratum
426 1060 544 1113 apud
558 1059 739 1100 Festum
769 1072 808 1100 s.
838 1071 881 1100 v.
903 1072 1128 1113 supparus
1150 1067 1318 1103 exstat:
1351 1060 1632 1116 „supparum

191 1133 432 1188 puniceum
471 1133 783 1176 vestimentum
813 1140 947 1175 vocat
966 1134 1163 1176 Naevius
1193 1135 1239 1176 in
1269 1134 1388 1176 bello
1418 1134 1630 1192 poenicu,

191 1214 236 1250 et
265 1208 311 1249 in
331 1207 491 1250 Nautis
523 1213 659 1250 vovet
680 1207 887 1261 Neptuno
918 1214 1090 1250 vestem
1122 1215 1432 1251 consecratam
1463 1221 1629 1264 suppa·

190 1289 341 1332 rum13
373 1281 534 1337 quibus
565 1294 591 1323 e
619 1280 772 1323 verbis
805 1280 1200 1338 Spangenbergius
1239 1281 1373 1324 valde
1401 1282 1630 1326 incuriose

192 1361 238 1398 et
266 1369 484 1410 perverse
513 1354 632 1397 hunc
662 1367 842 1397 versum
859 1354 994 1397 eruitx
1027 1356 1228 1397 „Nautae
1248 1356 1630 1410 voventNeptuno

191 1429 432 1484 puniceum
462 1441 756 1483 supparum&
787 1429 873 1471 etsi
895 1429 1058 1484 cuique
1089 1434 1289 1483 apparet,
1320 1428 1485 1471 vei-bae
1514 1428 1630 1476 haec

190 1503 425 1546 Naeviana
454 1516 511 1546 ex
542 1503 717 1546 duobus
747 1502 883 1558 plane
914 1503 1104 1546 diversis
1126 1503 1222 1545 eius
1243 1503 1530 1558 carminibus,
1561 1503 1627 1547 al-

191 1586 287 1620 tera
325 1591 351 1620 e
392 1578 587 1621 carmine
629 1579 685 1620 de
724 1577 842 1619 bello
881 1577 1096 1632 poenico,
1136 1576 1279 1619 altera
1309 1590 1335 1619 e
1365 1578 1627 1621 comoediam

192 1652 423 1695 „Nautaecc
457 1666 564 1695 csse
596 1653 843 1707 desumpta.

659 1727 695 1770 F
708 1741 731 1767 1·
742 1740 770 1767 a
780 1740 809 1781 g
818 1739 875 1768 m.
915 1725 1160 1768 XXXVIII.

328 1800 508 1843 Patrem
540 1799 670 1843 sulim
700 1796 958 1854 supremum
978 1798 997 1852 ΙΙ
1017 1799 1229 1853 όρῐίωιιῐη
1259 1797 1470 1854 appellat.

191 1875 269 1928 (cs.
307 1875 456 1919 Varro
494 1873 574 1918 VI.
609 1889 653 1929 p.
694 1873 781 1917 356
821 1871 923 1928 Sp.)
981 1872 1142 1915 Hiatus
1180 1872 1268 1916 hoc
1297 1873 1344 1915 in
1372 1886 1509 1916 versu
1537 1886 1629 1917 non

192 1951 389 2004 offendit,
418 1964 566 2007 neque
596 1948 740 1991 thesis
782 1949 892 1990 sede
930 1947 1172 2003 penultima
1207 1961 1470 2003 suppressa.
1530 1948 1631 1998 Qua

191 2040 258 2079 re,
288 2033 338 2068 ut
364 2038 528 2069 versus
560 2024 741 2067 Satura.
773 2023 949 2075 evadat,
980 2035 1071 2064 non
1090 2022 1400 2065 necessarium
1428 2021 1535 2064 mihi
1564 2022 1630 2065 vi·

191 2101 339 2153 detur,
370 2098 540 2156 aliquid
567 2097 656 2142 hoc
687 2098 729 2140 in
759 2110 897 2139 versu
921 2102 1108 2150 mutare,
1139 2096 1479 2153 Spangenberg.
1497 2095 1631 2139 nimis

191 2175 417 2218 audacter·
435 2174 505 2216 sic
535 2187 635 2215 eum
666 2171 887 2215 exhibuit:

308 2249 495 2293 „Jovem
524 2253 696 2304 patrem
727 2260 854 2290 suum
886 2245 1099 2302 optimum
1118 2239 1314 2301 appellat
1334 2258 1630 2303 supremumssc

692 2322 797 2366 Fra
808 2335 901 2378 gm.
929 2308 1136 2364 XXXIX.

305 2394 569 2444 „Lucetium
599 2403 747 2440 autem
775 2394 942 2439 Jovem
972 2394 1053 2439 Cn.
1080 2395 1280 2440 Naevius
1311 2395 1358 2438 in
1383 2394 1482 2440 libr.
1523 2394 1630 2438 belli

194 2473 349 2518 Punici
379 2471 619 2529 appellat.“
651 2470 728 2521 (cf.
766 2469 885 2514 Gell.
913 2469 970 2513 V.
1003 2470 1093 2522 12.)

739 2546 808 2590 Fr
819 2558 951 2603 agm.
979 2543 1073 2588 XL.

331 2622 511 2668 Summe
541 2621 674 2666 deum
704 2620 932 2678 regnetur,
951 2618 973 2676 ΙΙ
991 2619 1199 2678 ᾳιιίαιιῇηι
1231 2618 1440 2675 genuisti.
