1814 2767
1569 153 1624 199 13

199 275 266 319 11.
296 273 614 327 nominaverit,
654 276 700 316 et
726 270 889 315 Festus
927 282 966 314 s.
996 282 1037 313 v.
1066 268 1265 322 Naevia,
1301 267 1467 313 silvam
1498 268 1625 313 iuxta

197 349 369 402 urbem,
397 349 517 405 quod
545 345 705 392 Naevii
727 344 1027 399 ,cuiusdam
1053 343 1206 396 fuerit,
1231 355 1339 388 esse
1361 344 1523 388 dictam
1538 358 1622 389 no·

197 423 269 467 bis
297 422 549 470 tradiderit:
586 432 735 478 neque
761 424 951 475 portam,
991 418 1156 476 quippe
1185 430 1304 476 qnae
1331 423 1436 462 ante
1463 418 1622 463 Naevii

200 504 392 542 aetatem
421 496 488 539 sic
516 502 641 543 esset
668 494 803 546 dicta,
831 504 977 550 neque
999 507 1200 546 nemora,
1229 505 1260 536 a
1287 492 1449 550 quibus
1478 493 1626 538 Varro

199 571 232 615 l.
258 570 299 616 l.-
318 576 492 627 portam
529 582 636 614 esse
664 567 937 612 nominatam
975 567 1180 624 scripsit,
1219 580 1247 611 a
1283 567 1457 613 Naevio
1494 574 1630 626 poeta

201 658 365 690 nomen
391 645 586 688 traxisse
615 649 737 698 puto.
802 643 918 686 Nam
952 643 996 685 si
1021 641 1188 685 Festus
1222 648 1422 685 nostrum
1451 649 1631 699 poetam

202 718 514 773 intellexisset,
541 731 631 761 non
651 731 679 760 a
697 716 869 761 Naevio
899 738 926 769 η
939 715 1167 773 quodam«
1199 729 1306 759 esse
1333 716 1495 760 dictam
1509 716 1628 761 Nae·

202 794 322 837 viam
351 792 510 837 silvam
547 791 818 847 scripsisset.
877 791 978 839 Qua
1013 803 1064 835 re
1094 790 1316 834 Varronis
1352 791 1493 834 verba
1530 805 1629 836 cor-

203 868 463 924 ruptissima
491 866 581 910 alia
610 872 745 921 atque
774 863 918 906 adhuc
944 863 1110 908 factum
1133 865 1231 909 seio
1259 865 1434 908 ratione
1464 879 1629 909 sanan-

206 943 265 984 da
292 955 398 985 esse
420 939 493 994 ⁵),
525 947 570 983 et
596 938 648 982 E.
671 938 1087 994 spangenbergium
1113 936 1365 995 multosque
1394 939 1526 991 alios,
1557 940 1632 997 qui

207 1016 262 1058 de
290 1014 376 1057 hac
402 1021 533 1068 porta
562 1012 780 1069 quaedam
808 1017 1038 1064 notavere,
1069 1024 1251 1054 errasse
1279 1011 1481 1055 arbitror.

911 1230 943 1259 2.

211 1307 276 1339 De
314 1317 464 1350 anno,
502 1316 593 1350 quo
630 1305 858 1339 Naevius
894 1305 1101 1349 primam
1139 1305 1186 1338 in
1227 1315 1428 1339 scenam
1466 1306 1637 1351 prodi-

721 1367 859 1401 derit
894 1366 1132 1403 fabulam.

328 1477 378 1519 In
407 1477 508 1532 ipso
539 1477 595 1519 de
624 1475 710 1520 hac
737 1489 788 1518 re
818 1475 1132 1531 disputationis
1166 1474 1318 1520 limine
1345 1490 1639 1533 praemonen-

215 1551 318 1594 dum
347 1535 432 1603 est,
463 1564 637 1593 omnem
667 1550 723 1593 de
752 1550 912 1594 Naevii
942 1556 1145 1603 aetatem,
1185 1564 1271 1607 qua
1299 1552 1473 1604 vixerit,
1505 1566 1642 1609 quae-

216 1626 433 1677 stionem,
471 1638 604 1682 quum
634 1638 691 1667 ex
718 1624 870 1680 priore
898 1624 1021 1668 vitae
1058 1624 1155 1667 eius
1187 1631 1316 1679 parte
1346 1626 1405 1668 ad
1442 1632 1644 1670 nostram

215 1714 360 1757 nsque
390 1700 687 1756 cognitionem
714 1698 825 1741 nihil
862 1697 957 1742 fere
986 1699 1264 1754 pervenerit,
1304 1712 1360 1742 eo
1392 1700 1645 1756 dependere

216 1782 351 1833 atque
385 1775 634 1832 proficisci,
680 1789 767 1832 quo
812 1788 927 1817 anno
970 1776 1160 1831 primam
1195 1775 1399 1819 docuerit
1434 1775 1644 1821 fabulam.

218 1849 311 1893 Sed
340 1849 474 1892 etiam
501 1850 559 1892 de
586 1849 674 1892 hac
701 1862 751 1891 re
780 1855 981 1891 veterum
1010 1849 1275 1905 scriptorum
1303 1863 1393 1892 non
1415 1856 1538 1894 certa
1564 1865 1643 1894 ex-

218 1929 309 1966 stat
337 1923 573 1981 sententia.
631 1921 734 1965 Aul.
763 1921 937 1966 Gellius
967 1923 1085 1966 enim
1113 1924 1161 1966 in
1188 1924 1394 1967 noctibus
1428 1930 1519 1979 att„
1549 1925 1644 1982 qui-

218 1998 304 2041 bus
338 1997 471 2040 nobis
508 2002 602 2040 tam
638 1996 777 2040 multa
815 1997 1138 2053 carissimaque
1177 1997 1450 2053 antiquitatis
1489 2012 1645 2043 monu-

220 2077 369 2114 menta
397 2070 698 2123 conservavit,
737 2070 836 2112 libr.
865 2070 1005 2112 XVII.
1034 2070 1091 2113 21
1132 2083 1187 2113 ex
1218 2069 1396 2115 Terent.
1425 2071 1648 2117 Varronis

222 2146 278 2190 de
307 2146 453 2201 poetis
482 2144 595 2188 libro
625 2144 659 2187 1.
681 2143 851 2188 haecce
878 2143 1081 2186 tradidit:
1113 2144 1481 2201 Quingentesimo
1509 2147 1647 2191 unde-

361 2387 416 2417 tas
440 2383 658 2428 Esquilinam
685 2387 722 2418 et
744 2385 958 2420 Asinariam.
994 2403 1034 2409 -
1067 2384 1186 2420 Ducta
1211 2389 1288 2420 erat
1309 2397 1373 2431 per
1396 2391 1533 2432 portam
1559 2387 1649 2421 Nae—

361 2445 454 2479 viam
481 2445 541 2479 via
565 2447 753 2481 Tiburtina
777 2450 812 2481 et
835 2448 895 2482 via
915 2448 1107 2482 Lavicana.

297 2527 343 2568 5)
369 2524 502 2559 Locum
527 2525 679 2560 fortasse
705 2537 782 2561 cum
796 2528 831 2564 J.
847 2527 1033 2574 Scaliger-o
1058 2528 1112 2562 sic
1134 2528 1323 2565 restitues:
1349 2529 1505 2563 Naevius
1520 2530 1649 2564 etenim

366 2589 456 2630 loca,
489 2588 533 2620 ab
559 2598 601 2621 eo
626 2588 680 2622 sic
704 2589 818 2634 dicta,
851 2590 980 2634 coluit5
1013 2609 1056 2616 -—-
1088 2593 1149 2623 aut
1171 2590 1209 2624 id
1233 2590 1328 2636 quod
1352 2591 1436 2625 mihi
1460 2592 1650 2637 probatur:

211 2668 227 2722 s
366 2649 495 2685 Naevii
520 2649 612 2685 enim
639 2654 739 2686 erant
762 2652 853 2697 loca,
878 2654 923 2688 ab
949 2663 991 2688 eo
1016 2653 1070 2688 sic
1094 2652 1197 2688 dicta,
1224 2674 1267 2680 -—
