1814 2767
179 142 252 209 *3⁵⁶

194 259 279 302 bus
336 256 588 302 confectum
645 255 957 313 pulcerrime«0
1054 257 1155 317 Ab„
1171 257 1430 304 Saturnium
1481 260 1633 312 verbis

192 330 486 378 trunslocatis
514 332 750 376 restituere
779 344 872 374 non
902 331 1113 376 dubitavi.
1180 326 1195 350 '⁴

310 408 364 452 11.
394 408 571 460 Versus
599 406 732 458 Livii,
762 406 837 462 qui
866 407 1052 463 proprIa
1080 414 1186 451 sunt
1213 414 1259 450 et
1295 408 1447 463 prisca
1476 408 1631 452 Satur-

194 482 258 543 nii
286 481 443 526 forma.
1044 480 1056 490 ⁴
1508 539 1510 541 ¹

253 557 304 611 1)
335 557 490 600 Virum
517 555 626 613 mihi
657 555 883 599 Casmena
930 557 950 611 ΙΙ
997 557 1153 601 insece
1187 555 1428 608 versutum.

192 631 271 681 (ci.
303 631 421 674 Gell.
450 629 614 675 XVIII.
646 631 708 682 9.)
740 654 797 661 -
826 630 987 676 Hiatus
1023 630 1114 676 hoc
1140 631 1244 675 loco
1283 643 1376 674 non
1407 630 1633 677 offendere

192 706 283 749 iam
313 719 454 762 supra
484 704 888 761 comprobavimus.
919 704 976 749 cf·
1014 696 1253 761 praeterea
1290 705 1346 749 de
1381 703 1506 750 hiatu
1543 703 1633 749 Cic.

196 781 320 825 Orat.
352 796 389 824 c.
420 782 492 825 45.
533 833 536 837 ⁴
1433 829 1436 832 ,

251 857 304 909 2)
335 855 439 903 Mea
470 856 611 912 ptiera
641 858 745 913 quid
777 857 902 900 verbi
933 857 990 899 ex
1019 864 1095 899 tuo
1144 855 1163 909 11
1213 857 1290 898 dre
1320 855 1475 898 subter
1503 853 1632 910 sugit.

195 929 270 983 (cf.
304 929 479 973 Charis.
519 946 563 986 p.
593 930 662 973 64.
705 926 848 974 Prisc.
888 931 966 974 Vl.
1008 945 1050 986 p.
1092 931 1190 974 697.
1230 928 1367 973 codd.
1406 943 1502 974 var.
1544 929 1634 973 vid.

193 1004 315 1060 apud
330 1004 479 1047 Herm.
511 1004 639 1048 elem.
672 1020 713 1059 p.
745 1005 863 1054 618.)
884 1027 941 1034 —
962 1004 1115 1048 Semel
1143 1010 1312 1048 tantum
1340 1004 1480 1047 verba
1509 1016 1637 1046 „mea

192 1089 363 1133 puera⁶⁶
396 1091 502 1120 esse
531 1076 723 1133 legenda
752 1084 937 1131 propter
965 1091 1176 1133 graecum
1215 1077 1464 1134 exemplum
1502 1084 1636 1133 atque

193 1151 432 1208 imaginem
461 1157 587 1207 puto.

194 1224 275 1281 (cf.
304 1226 433 1270 Hom.
452 1226 618 1283 Odyss.
653 1241 693 1269 a.
724 1227 818 1278 64.)

250 1301 303 1356 3)
333 1301 564 1359 Argentea
592 1302 798 1358 polltibro
847 1302 867 1356 Η
916 1302 1054 1346 aureo
1085 1303 1292 1360 guttam)

195 1375 280 1430 (cf.
318 1375 435 1421 Non.
474 1391 513 1420 s.
552 1391 594 1420 v.
633 1376 921 1433 pollubrum.)
951 1399 1009 1407 --
1038 1376 1139 1421 Hoc
1174 1378 1222 1419 in
1250 1390 1388 1420 versu
1416 1376 1637 1432 duplicem

194 1452 393 1495 observa
427 1451 655 1495 licentiam
682 1451 853 1494 hiatum
883 1458 988 1495 ante
1018 1464 1250 1495 caesuram
1290 1450 1562 1502 admissum,
1593 1458 1639 1494 et

193 1521 357 1569 thesim
388 1525 500 1569 sede
529 1525 776 1581 penultima
805 1539 1084 1582 oppressam.

252 1600 310 1653 4)
340 1598 598 1644 Mercurius
629 1614 822 1657 cumque
853 1601 909 1665 eo
959 1600 978 1654 ΙΙ
1025 1598 1147 1643 filius
1176 1599 1390 1643 Latdnas.

195 1673 339 1718 Prisc.
370 1674 449 1718 Vl.
479 1689 521 1730 p.
550 1673 650 1718 679.
682 1675 834 1719 Prima
862 1675 1008 1718 thesis
1039 1682 1110 1719 est
1139 1688 1401 1731 suppressa.
1431 1698 1487 1704 —-

255 1749 308 1802 5)
338 1749 400 1792 At
427 1749 608 1792 vestros

252 1822 374 1866 Dum
403 1822 478 1866 hic
507 1824 717 1867 mantzitis
749 1824 893 1867 mittet
941 1824 961 1877 Η
1009 1825 1175 1867 nervos
1205 1823 1478 1880 perduelles.

196 1896 278 1950 (cf.
311 1896 436 1953 Calp.
467 1897 620 1940 Pison.
644 1898 728 1940 Ms.
762 1897 1107 1953 apudMerulam
1137 1912 1180 1953 p.
1209 1898 1308 1943 253.
1328 1898 1477 1943 Herm.
1508 1899 1638 1952 elem,

194 1986 239 2028 p.
269 1972 391 2023 628.)

252 2047 304 2099 6)
337 2045 497 2090 Carnis
527 2046 766 2104 vinumque
797 2047 916 2103 quod
944 2046 1144 2090 libebant
1172 2044 1443 2090 anclabdtur.

196 2119 278 2174 (cf.
308 2120 455 2164 Prisc.
486 2120 563 2163 VI.
593 2119 714 2172 684.)
748 2145 797 2151 —
816 2119 957 2165 Codd.
977 2122 1096 2165 hunc
1116 2135 1296 2165 versum
1318 2122 1386 2165 sic
1408 2121 1638 2164 exhibent:

199 2195 375 2247 Carnis,
406 2196 484 2247 ait!
515 2195 666 2237 vinum
697 2209 876 2252 quoque
907 2196 1026 2252 quod
1064 2203 1109 2239 et
1138 2202 1220 2239 cet.
1262 2203 1359 2239 aut:
1402 2195 1452 2239 C.
1492 2208 1534 2238 a.
1571 2196 1636 2238 vi-

196 2282 391 2324 numque
424 2269 566 2323 quod3
600 2282 625 2310 e
657 2281 744 2324 qua
773 2268 970 2324 lectione
985 2267 1156 2310 Krehlii
1187 2269 1314 2311 codd.
1334 2268 1508 2312 restitui
1537 2282 1637 2311 ver-

197 2355 313 2385 sum.
343 2342 457 2385 Nam
490 2355 724 2400 »quoque«
746 2350 851 2398 puto
874 2357 930 2386 ex
949 2355 1091 2400 saque«
1114 2350 1158 2386 et
1177 2343 1442 2401 insequente
1463 2344 1638 2400 „quoda

201 2430 307 2460 esse
347 2421 515 2459 natum.

248 2591 310 2629 20)
338 2590 437 2623 Unus
463 2589 540 2623 cod.
569 2591 716 2633 praebat
741 2601 805 2635 pro
840 2590 992 2635 .‚gutto“
1027 2590 1209 2634 „giuti-0⁴⁶,
1243 2590 1335 2635 quod
1370 2587 1638 2635 praeferendum

340 2655 424 2696 puto
450 2655 485 2685 et
510 2654 602 2696 part.
628 2663 695 2697 que
720 2652 983 2698 adiungendam
1011 2664 1089 2690 voc.
1117 2663 1237 2688 aureo.

1785 54 1804 80 ἢ
