1814 2767
1571 163 1629 208 73

200 277 616 339 mnemon
644 293 780 327 sacro
809 278 1004 339 quodam
1029 279 1079 324 in
1113 278 1202 324 hac
1229 277 1378 324 meula
1413 278 1520 325 loco
1548 278 1630 334 (cf.

106 383 112 388 ·
202 350 490 402 Swinbnrne·
518 353 631 410 'meist
659 354 775 409 burcb'
803 353 908 400 [scine
937 354 1309 415 &icitien.11.22.
1353 353 1630 410 Spallanzini

200 425 317 492 meist
343 433 381 476 b.
410 429 449 475 b.
480 431 539 478 Θ.
569 432 601 477 1
634 426 762 479 160.·)
783 453 841 461 -
866 429 998 474 Sicut
1010 428 1235 487 Prochyta
1263 442 1293 472 a
1321 436 1512 486 cognata
1538 428 1628 473 Ae·

199 518 315 551 neae
343 512 442 553 erat
467 507 710 558 nominata,
739 505 803 548 ita
819 503 1018 548 Aenaria
1046 518 1103 548 eo
1131 518 1295 547 nomen
1323 504 1479 555 traxit,
1511 503 1632 558 quod

198 579 263 624 lbi
298 579 480 624 Aeneas
517 580 698 624 navium
736 579 974 623 stationem
1010 577 1181 622 habuit.
1218 577 1292 631 (cf.
1341 578 1454 621 Plin.
1483 578 1558 622 111.
1587 577 1629 622 6.

203 656 272 700 12.
300 654 421 699 Fest.
452 669 488 700 s.
515 669 563 699 v.
591 669 635 711 p.
668 655 756 706 17.)
1382 668 1385 671 ·

316 729 472 784 (Quod
499 730 547 772 in
573 727 738 772 fabulis
766 727 964 786 mythica
980 722 1157 771 ratione
1168 734 1294 770 errat
1314 733 1556 779 narratum,
1585 727 1631 769 id

199 815 252 846 re
279 816 390 847 vera
415 801 632 855 fecerunt,
663 802 825 845 Coloni
855 802 1032 855 Graeci,
1062 800 1138 859 qui
1154 800 1342 859 Gumam
1367 799 1633 844 condidere:

199 889 304 921 nam
339 877 530 932 primum
565 877 612 918 in
638 874 809 931 linsulis
845 875 1072 932 Prochyta
1110 882 1156 918 et
1191 875 1390 918 Aenaria
1427 873 1504 926 (cf.
1532 873 1629 917 Liv.

200 948 319 993 vm.
347 951 419 994 22.
449 949 596 994 strab.
625 948 682 993 V.
711 949 832 1001 247.)
862 947 1081 993 coloniam
1111 949 1417 993 condiderunt.
1433 971 1492 980 -

713 1040 922 1097 Fragm.
952 1039 1116 1083 XXIII.

346 1114 561 1165 Quartam
610 1114 892 1159 Cimmeriam
940 1114 1153 1169 Sibyllam
1200 1115 1248 1158 in
1299 1113 1454 1168 Italia,
1503 1126 1634 1171 quam

200 1188 400 1233 Naevius
429 1190 476 1232 in
503 1189 630 1233 libris
660 1189 768 1233 belli
795 1189 974 1246 poenici
987 1190 1200 1233 nominat.
1230 1187 1306 1240 (cf.
1336 1188 1458 1232 Lact.
1482 1187 1631 1231 Divin.

200 1263 310 1306 Inst.
340 1263 373 1305 1.
402 1263 445 1308 6.
475 1263 519 1308 9.
550 1285 605 1293 -
632 1262 758 1316 Piso,
789 1263 864 1320 qui
893 1264 1013 1306 idem
1041 1264 1098 1306 de
1128 1262 1289 1306 Sibilla
1317 1261 1558 1305 cimmeria
1584 1262 1633 1305 in

200 1336 437 1380 annalibus
467 1323 523 1381 ae
549 1337 750 1381 Naevius
778 1343 1054 1391 narraverat,
1084 1337 1131 1381 in
1160 1337 1345 1395 antiqua
1372 1337 1429 1380 de
1448 1335 1634 1380 Aeneae

200 1410 249 1453 in
277 1409 448 1454 Italiam
478 1411 671 1454 adventu
698 1410 853 1455 fabula
881 1412 1065 1468 saepius
1094 1425 1197 1456 cnm
1224 1411 1398 1455 Naevio
1443 1423 1634 1455 consen-

103 1516 105 1518 ι
200 1485 315 1529 tisse
341 1484 531 1539 videtur,
560 1499 664 1529 nam
693 1486 827 1530 etiam
855 1486 912 1530 de
948 1485 1099 1530 insula
1133 1485 1356 1540 Prochyta
1391 1485 1509 1529 idem
1547 1491 1635 1528 tra-

201 1559 390 1603 diderat.
420 1558 499 1611 (cf.
526 1558 659 1602 Auct.
689 1560 746 1603 de
775 1574 844 1603 or.
872 1564 995 1617 gent.
1023 1560 1152 1605 Rom.
1181 1573 1282 1617 cap.
1313 1560 1381 1604 10.
1412 1557 1453 1616 §.
1477 1559 1545 1614 2.)
1573 1582 1631 1589 -

199 1632 273 1678 De
302 1633 542 1678 Cimmeria
571 1633 760 1691 Sibylla,
791 1648 908 1692 quae
935 1634 1083 1688 fuerit,
1115 1633 1193 1690 (cf.
1224 1635 1349 1679 Suid.
1389 1648 1429 1678 s.
1467 1647 1513 1678 v.
1553 1635 1634 1679 Σί-

200 1709 354 1766 βυλλα.
411 1709 574 1753 Justin.
601 1704 733 1753 Mart.
763 1709 956 1763 Paraen.
993 1724 1038 1766 p.
1075 1710 1146 1754 34.
1185 1707 1351 1754 Chron.
1388 1707 1549 1753 Paseh.
1588 1722 1633 1765 p.

201 1783 304 1827 201.
359 1784 597 1840 »Σίβυλλα
634 1781 660 1841 ἦ
689 1781 827 1841 ςΑδοιῆ
864 1782 890 1842 ἦ
927 1785 1198 1843 Κιμμέρια.“’
1262 1783 1547 1827 Haidbreede
1576 1783 1633 1827 de

208 1856 408 1913 Sibyllis.
436 1872 481 1913 Ρ.
513 1858 582 1902 13.

259 1947 361 1998 Qua
389 1963 447 1992 ex
474 1963 642 1994 caussa
661 1949 900 1994 cimmeria
927 1951 987 1994 sit
1005 1950 1232 1995 nominata
1261 1950 1459 1993 Cumana
1487 1949 1630 2004 Sibyl-

202 2020 466 2075 la,fortasse
475 2023 590 2092 haec
605 2024 844 2068 declarant.
889 2024 1098 2080 Ephorus
1116 2023 1311 2067 fabulam
1321 2023 1565 2067 tradiderat
1574 2024 1631 2067 de

207 2095 457 2140 Cimmeriis
469 2097 750 2154 quibusdam,
782 2099 857 2155 qui
886 2098 1009 2142 circa
1026 2097 1228 2141 Aornum
1248 2104 1293 2141 et
1319 2097 1469 2142 lacum
1482 2097 1633 2142 Ache·

43 2159 47 2164 ’
111 2175 116 2179 ’
203 2172 373 2215 rusiam
399 2172 524 2215 iuxta
553 2170 705 2216 Gumis
734 2172 782 2216 in
810 2171 1039 2229 speluncis
1069 2173 1375 2216 subterraneis
1403 2172 1635 2217 habitasse

202 2245 418 2300 feruntur,
448 2260 503 2291 ac
531 2254 664 2290 nocte
693 2253 865 2291 tantum
884 2248 1223 2305 proveniebant,
1251 2246 1502 2306 incolisque
1532 2261 1634 2292 ora-

205 2321 309 2366 cula
337 2322 513 2376 (labant.
544 2321 622 2370 [cf.
634 2322 780 2366 Strab.
810 2323 869 2367 V.
898 2324 995 2367 244.
1016 2322 1139 2367 plin.
1167 2322 1274 2367 hist.
1302 2329 1393 2368 nat.
1421 2323 1497 2367 111.
1525 2323 1636 2377 53.)

718 2412 930 2473 F'ragm.
959 2415 1124 2462 XXIV.

340 2486 586 2532 Silvieolae
614 2487 831 2533 homones
861 2489 1055 2547 bellique
1073 2488 1094 2544 11
1113 2489 1270 2534 inertis
1298 2516 1300 2518 -

207 2561 282 2618 (cf.
312 2561 512 2608 Mecrob.
542 2562 635 2607 Sat.
667 2563 745 2607 Vl.
774 2564 817 2609 5.
845 2563 1055 2610 Refertur
1083 2565 1141 2608 ab
1168 2563 1260 2610 hoc
1287 2579 1343 2610 ex
1381 2564 1477 2607 libr.
1518 2564 1552 2608 1.
1591 2578 1634 2620 p.

206 2639 265 2683 50
293 2643 344 2682 et
364 2635 487 2692 410.)
