1814 2767
1571 151 1631 196 ⁸9

212 266 268 313 ³:
272 258 1017 334 bimbani-efflatas
1026 265 1520 322 mmmmm
1554 278 1627 312 ιιι-

189 333 407 397 ihm,
424 350 497 387 ut
492 327 672 400 primo*
668 341 821 399 *eipso
817 328 1060 386 mubdueii
1097 346 1361 400 argumenta
1380 355 1518 398 quae
1541 355 1627 385 ex-

183 423 625 473 terum-§possunt
618 415 838 470 denaris
859 420 1064 474 quaeque
1094 414 1495 461 investimentis
1521 421 1627 459 vett.

197 492 464 557 scriptorum
493 494 582 535 sita
609 497 730 543 sunt,
759 487 1070 549 adversemur.
1109 491 1271 534 deinde
1301 499 1359 537 ex
1386 478 1472 534 rei
1483 488 1628 545 ipsius

180 571 391 618 lam)
401 579 467 609 ex
485 565 678 619 caussis,
706 577 839 621 quas
851 556 1069 609 internas-
1092 570 1346 622 possumus
1381 563 1627 620 appellare,

194 644 395 692 nostram
424 641 500 683 de
500 640 607 684 hac
638 639 771 695 poesi
804 638 1109 682 Romanorum
1147 639 1288 700 epica
1315 638 1628 696 antiquissima

178 713 844 770 &maionem-comprobemus·
863 712 1105 757 Niebuhr-ii
1134 713 1359 769 sententia
1387 727 1521 770 quum
1549 712 1625 754 tri·

194 787 287 830 bus*
303 788 560 843 praecipue,
589 787 814 844 Dionysii3
845 786 1095 839 Ciceronis,
1122 786 1289 830 Nonnii
1324 784 1442 830 locis
1481 788 1523 829 ei
1551 784 1626 827 fir·

193 867 315 904 mata
341 861 593 914 videretur,
629 861 720 904 iam
757 861 860 916 ipsa
887 860 1046 903 horum
1076 861 1344 917 scriptorum
1379 860 1521 904 verba
1549 873 1625 906 ao-

194 935 392 978 curatius
443 949 726 987 enarremus,
765 941 814 976 ut
853 934 908 976 de
959 948 1112 977 eorum
1155 936 1419 978 auctoritate
1455 935 1625 976 rectius

193 1008 422 1064 possimus
453 1009 710 1053 diiudicare.
769 1008 964 1050 Primum
1004 1008 1138 1064 igitur
1165 1008 1347 1065 Dioysii
1382 1008 1522 1050 verba
1557 1007 1623 1049 in-

196 1082 438 1137 quiramus.
468 1083 555 1131 Qui
584 1082 638 1125 H.
668 1083 723 1125 R.
752 1083 786 1125 Ι.
816 1082 884 1126 76.
915 1095 941 1124 e
970 1082 1110 1124 Fabio
1140 1082 1317 1124 Pictore
1348 1083 1404 1124 de
1433 1080 1624 1123 Romulo

194 1163 240 1197 et
267 1155 408 1198 Remo
439 1155 553 1198 haec
570 1156 702 1198 nobis
713 1155 912 1197 tradidit:
947 1154 1008 1198 Οἱ
1035 1156 1083 1198 δὲ
1110 1153 1406 1213 ἀνδρωθέντες
1434 1159 1625 1209 γίνονται

154 1230 157 1232 ’
192 1230 304 1274 κατὰ
333 1230 411 1286 τὴν
439 1228 617 1281 ἀξίωσιν
633 1232 800 1285 μορφῆς
827 1233 901 1271 καὶ
925 1228 1196 1284 φρονήματος
1215 1227 1340 1282 ὄγκον
1369 1228 1419 1272 ὖυ
1441 1228 1624 1285 συοφόρ-

197 1307 288 1359 βοις
314 1307 389 1346 καὶ
416 1302 636 1357 βουκόλοις
664 1301 848 1363 ἐοικότες
856 1333 873 1352 ,
903 1299 996 1344 ἀλλ’
1018 1299 1132 1352 ὅιους
1152 1299 1210 1345 ἄν
1228 1319 1291 1352 τις
1311 1300 1506 1354 ἆξιιόσειε
1524 1304 1624 1354 τοῦς

193 1377 240 1419 ἐκ
268 1377 489 1431 βασιλέων
516 1392 574 1418 τε
592 1375 758 1432 φύντας
786 1378 933 1428 γένους
961 1380 1037 1418 καὶ
1065 1373 1156 1419 ἀπὸ
1178 1376 1395 1431 δαιμόνων
1418 1383 1625 1434 σποργαΐς

194 1453 399 1506 γενέσθαι
427 1451 728 1505 νομιζομένους
758 1447 814 1499 ὧς
853 1449 902 1493 ἐν
938 1454 1025 1500 τοῖς
1063 1453 1263 1508 πατρίοις
1299 1449 1492 1505 ὕμνοις
1530 1449 1622 1495 ἀπὸ

195 1524 411 1580 Ρωμάιων
439 1523 501 1566 ἔτι
529 1528 603 1565 καὶ
631 1527 711 1567 νῦν
739 1522 906 1580 ᾅδεται.

307 1596 478 1645 Quibus
507 1596 656 1638 verbis
687 1604 896 1639 accurate
917 1598 1168 1652 perspectis
1198 1604 1242 1640 et
1270 1598 1526 1652 perpensis,
1555 1605 1621 1641 et-

192 1672 232 1713 si
263 1671 460 1714 carmina
490 1671 706 1726 quaedam
746 1671 801 1713 de
836 1671 1026 1713 Romulo
1066 1678 1109 1713 et
1146 1671 1289 1714 Remo
1318 1671 1442 1714 Fabii
1474 1658 1622 1716 aetate

191 1745 375 1788 affuisse
404 1758 494 1786 non
525 1751 595 1786 est
622 1745 918 1796 infitiandum,
948 1751 1097 1786 tamen
1126 1745 1173 1786 id
1202 1746 1322 1801 quod
1349 1745 1621 1788 Niebuhrius

189 1818 331 1861 voluit
359 1831 532 1870 eruere,
564 1819 743 1860 omnino
773 1817 880 1861 mihi
899 1832 989 1861 non
1017 1818 1194 1862 videtur
1221 1819 1268 1861 in
1297 1819 1355 1861 iis
1386 1833 1618 1874 apparere.

189 1893 304 1935 Nam
333 1893 389 1934 de
418 1898 512 1934 tota
540 1890 693 1934 fabula
729 1893 894 1945 troica,
931 1893 978 1934 in
1015 1893 1190 1953 Latium
1228 1893 1523 1943 translocata‚
1563 1894 1619 1935 de

191 1979 278 2023 qua
306 1966 375 2008 vir
403 1965 479 2008 ille
511 1966 787 2009 clarissimus
817 1965 931 2010 haec
960 1979 1063 2009 esse
1093 1967 1210 2009 dicta
1238 1966 1392 2018 voluit,
1421 1966 1532 2008 nihil
1560 1966 1619 2009 iis

188 2040 320 2092 inest,
350 2053 436 2082 nec
465 2039 585 2081 aliud
615 2041 834 2095 quoddam
875 2053 930 2082 ea
974 2040 1193 2091 carmina,
1234 2040 1289 2082 de
1329 2040 1490 2096 quibus
1527 2041 1557 2084 i.
1587 2039 1619 2084 l.

188 2114 431 2167 Dionysius
469 2113 687 2169 loquitur,
727 2113 869 2155 fuisse
908 2119 1038 2168 puto,
1076 2113 1166 2155 nisi
1196 2121 1354 2157 cantus
1386 2115 1617 2170 quosdam,

188 2188 379 2232 forsitan
409 2187 732 2240 sacerdotales,
763 2188 924 2244 quibus
953 2188 1131 2230 Romuli
1162 2195 1207 2230 et
1229 2188 1357 2231 Remi
1387 2189 1618 2241 memoria,

188 2262 264 2318 qui
303 2264 419 2304 inter
447 2263 560 2304 deos
590 2268 718 2304 erant
754 2261 908 2313 relati,
946 2261 1019 2315 pie
1039 2263 1041 2265 ’
1058 2274 1088 2304 a
1123 2261 1341 2304 Romanis
1372 2261 1615 2306 colebatur.

187 2335 238 2376 111
265 2335 530 2377 vocabulum
561 2349 739 2391 quoque
769 2335 900 2391 ὕμνος
930 2335 1166 2390 significat,
1196 2349 1283 2379 nec
1312 2337 1478 2388 dubito,
1511 2337 1615 2392 quin

186 2405 449 2474 Dionysius,
482 2408 521 2451 si
553 2409 682 2464 epica
711 2410 909 2481 carmina
938 2406 1218 2465 spectasset,
1247 2409 1510 2454 vocabulo'
1496 2426 1613 2460 επος,
1650 2401 1653 2404 ”

184 2483 270 2541 ἔπη
293 2495 410 2526 usus
440 2480 632 2526 fuisset.

299 2556 537 2619 Secundus
564 2556 711 2612 locus,
742 2558 1150 2616 quemNiehuhrius
1177 2565 1227 2603 ut
1247 2572 1357 2602 suae
1387 2557 1614 2614 opinionis

186 2637 493 2688 argumentum
521 2632 729 2686 prodidit,
741 2640 813 2676 est
841 2634 960 2690 apud
981 2632 1073 2677 Cic.
1092 2632 1228 2677 Tunc.
1259 2634 1295 2676 1.
1323 2634 1381 2684 2.,
1413 2632 1489 2677 cui
1510 2633 1613 2675 addi
