1814 2767
183 255 273 300 hiis
304 254 350 297 in
378 252 517 307 locis,
548 264 665 310 quae
694 250 944 309 fragmenta
973 256 1051 294 aut
1077 249 1261 305 Laevio,
1291 257 1369 297 aut
1394 247 1525 298 Livio
1549 258 1628 298 aut

182 328 329 374 Novio
368 327 461 372 sint
487 325 759 372 vindicanda
795 324 1045 379 constituit,
1083 329 1208 368 certa
1236 325 1431 382 quadam
1467 326 1626 386 regula

183 404 477 456 decernatur,
514 400 676 446 Naevii
711 412 878 444 nomen
916 400 1071 444 omisit
1096 400 1167 444 vir
1194 399 1374 455 doctus,
1411 414 1498 446 nec
1526 401 1625 445 sine

180 477 306 534 justa
330 483 382 520 ut
408 474 516 520 mihi
531 474 711 519 videtur
738 485 919 518 caussa.
967 472 1089 518 Dicit
1105 473 1247 518 enimz
1276 473 1514 526 „Videant
1532 488 1624 519 me·

184 565 283 594 cum
312 550 476 601 critici,
515 561 574 590 an
613 546 731 590 hanc
767 546 932 591 saltem
967 546 1114 604 legem
1155 546 1430 592 constituere
1466 549 1624 593 liceat:

183 623 261 667 ubi
290 623 347 666 de
375 621 651 666 hexametris
681 634 831 664 sermo
861 620 948 674 sit,
977 633 1069 663 non
1097 620 1213 665 Livii
1241 633 1405 664 nomen
1432 623 1541 677 poni
1570 620 1624 664 li-

187 711 319 748 cere,
358 696 435 741 ubi
466 696 522 739 de
551 695 736 751 tragicis
774 707 921 750 neque
959 693 1095 737 Novii
1131 708 1274 751 neque
1311 694 1497 748 Laevii,
1538 695 1627 738 nisi

185 772 336 827 ipsum
356 770 455 827 jam
484 768 749 823 scriptorem
780 780 963 810 errasse
991 773 1137 823 putes.
1150 768 1179 790 ‘⁶
1218 767 1332 810 Nam
1361 782 1497 825 quum
1515 767 1628 813 haec

191 844 268 889 lex
298 858 352 888 ea
381 844 439 886 de
469 842 735 899 quaestione
766 842 928 897 partim
958 842 1225 897 dependeat,
1255 848 1399 884 utrum
1418 849 1519 885 ante
1538 842 1626 885 En·

186 917 309 961 nium
338 929 502 960 versus
532 914 656 972 lengi
687 915 731 957 in
762 914 922 958 litteris
943 914 1095 958 latinis
1121 914 1416 968 inveniantur,
1444 928 1531 960 nec
1555 929 1628 969 ne,

188 998 234 1034 et
262 991 320 1034 de
349 990 551 1042 Naevio,
582 990 702 1046 quod
731 988 848 1031 infra
876 989 1126 1032 videbimus
1143 1019 1157 1042 ,
1186 988 1245 1032 lis
1275 989 1418 1031 adhuc
1447 991 1532 1041 sub
1553 991 1627 1047 ju·

187 1064 289 1109 dice
319 1064 403 1107 sit:
434 1069 558 1107 recte
589 1063 739 1106 omisit
766 1063 928 1105 Naevii
956 1075 1136 1106 nomen,
1194 1062 1244 1105 Id
1273 1076 1380 1106 vero
1401 1077 1485 1119 pro
1506 1072 1628 1108 certo

186 1151 435 1194 possumus
467 1138 762 1189 constituere,
794 1136 839 1178 in
870 1136 1078 1180 omnibus
1107 1136 1239 1191 locis,
1270 1138 1430 1195 quibus
1452 1151 1627 1182 comoe-

187 1212 290 1256 diae
319 1211 572 1269 fragmenta
600 1212 733 1255 nobis
764 1211 928 1255 tradita
958 1219 1086 1265 sunt,
1117 1218 1194 1255 aut
1221 1209 1483 1268 fragmenta,
1514 1226 1630 1269 quae

186 1291 376 1347 propter
405 1299 536 1329 suum
567 1299 752 1329 sensum
781 1291 826 1329 et
854 1292 1060 1328 naturam
1098 1286 1214 1329 inter
1252 1287 1511 1330 comoedias
1542 1287 1632 1330 sint

189 1360 421 1405 censenda
448 1359 605 1403 Laevii
635 1374 799 1403 nomen
839 1360 1019 1403 omnino
1058 1360 1190 1403 nobis
1228 1360 1288 1403 sit
1323 1361 1630 1404 reiiciendum.

190 1434 294 1485 Qua
321 1448 372 1477 re
402 1441 451 1478 ut
488 1448 623 1477 unum
653 1435 897 1489 praebeam
934 1433 1216 1489 exemplum*
1246 1440 1291 1477 et
1327 1433 1631 1478 Weichertum

190 1515 235 1553 et
255 1508 489 1554 Osannum
519 1524 564 1567 p,
585 1509 627 1553 8.
659 1522 842 1552 errasse
864 1516 995 1564 puto,
1028 1509 1192 1566 quippe
1214 1512 1288 1566 qui
1307 1520 1484 1561 versus,
1517 1522 1630 1566 quos

189 1582 452 1639 Fulgentius
481 1583 722 1626 Placiades
754 1583 954 1638 (Expos.
986 1597 1119 1627 serm.
1150 1583 1284 1640 antiq.
1315 1596 1354 1626 s.
1384 1596 1427 1627 v.
1456 1583 1630 1640 Frigut-

189 1660 275 1701 tire
304 1672 350 1712 p.
378 1657 466 1700 562
497 1659 567 1700 ed.
597 1657 768 1711 Mero.)
799 1658 931 1700 nobis
961 1657 1034 1700 his
1054 1658 1206 1700 verbis
1234 1656 1393 1701 refert:
1424 1657 1632 1701 „Ennius

189 1731 236 1774 in
266 1730 484 1774 celestide
515 1731 775 1774 comoedia:
807 1750 859 1772 »κ
871 1731 996 1774 Haec
1027 1744 1139 1773 anus
1161 1731 1398 1774 admodum
1421 1730 1633 1788 frig-utun

190 1804 394 1846 nimirum
427 1804 647 1846 sauciavit
676 1818 728 1846 se
758 1803 873 1847 flore
901 1804 1052 1847 Liberi
1065 1816 1142 1855 «ας
1180 1804 1347 1847 Laevio
1386 1805 1633 1858 tribuerint,

191 1878 267 1936 qui
296 1890 460 1921 versus
492 1884 537 1920 et
565 1884 750 1933 propter
779 1878 1024 1933 argumenti
1056 1892 1110 1922 ac
1141 1878 1317 1922 dicendi
1343 1879 1560 1923 rationem
1589 1887 1635 1923 et

190 1958 377 2008 propter
397 1952 618 1995 adiectum
638 1950 909 1994 vocabulum
939 1973 1001 1996 „n
1012 1952 1247 1995 comoedia
1258 1961 1284 1984 υ
1296 1961 1323 1984 “
1353 1959 1431 1996 aut
1458 1954 1632 1998 Naevio

191 2033 270 2070 aut
298 2025 445 2069 Ennio
483 2026 740 2070 vindicandi
778 2033 897 2070 sunt.
967 2026 1060 2069 Sed
1106 2027 1316 2082 quoniam
1355 2028 1412 2070 ad
1456 2028 1635 2084 singula

149 2113 155 2116 ·
192 2100 354 2145 Naevii
385 2099 634 2157 fragmenta
663 2100 848 2155 saepius
879 2108 925 2144 et
953 2103 1208 2145 accuratius
1229 2115 1311 2157 pro
1334 2101 1511 2158 singulo
1531 2102 1634 2147 loco

194 2175 250 2218 de
280 2174 368 2218 hac
398 2175 624 2218 nominum
652 2175 986 2230 perturbatione
1016 2174 1205 2218 locuturi
1237 2189 1408 2228 sumus,
1438 2191 1531 2220 rem
1560 2177 1635 2219 hic

196 2248 453 2292 omittentes
485 2249 542 2291 ad
574 2249 936 2292 dissertationem
967 2250 1022 2292 de
1043 2249 1221 2292 nomine
1244 2256 1288 2293 et
1312 2251 1457 2306 patria
1475 2251 1635 2295 Naevii

194 2329 486 2366 revertamur.
506 2346 563 2354 —
584 2321 846 2378 Cognomen
866 2324 1038 2366 Naevio
1062 2323 1261 2380 Sangam
1288 2323 1432 2367 fuisse
1461 2325 1637 2368 Merula

194 2397 254 2440 ad
291 2396 483 2440 Ennium
521 2412 566 2452 p.
603 2397 740 2440 XLV.
781 2404 1119 2454 argumentatus
1158 2406 1241 2442 est.
1324 2398 1479 2443 Refert
1517 2400 1637 2443 enim

199 2470 472 2527 Calpurnius
503 2472 611 2514 Piso
652 2473 695 2514 in
725 2472 862 2515 Mser.
902 2473 958 2515 de
987 2479 1187 2516 veterum
1225 2479 1458 2529 poetarum
1494 2473 1634 2517 conti-

197 2546 369 2599 nentia,
403 2560 534 2602 quem
564 2546 722 2590 librum
754 2547 943 2590 Parisiis
974 2550 1020 2590 in
1051 2547 1321 2592 bibliotheca
1351 2549 1417 2593 St.
1438 2548 1635 2591 Victoris

202 2633 306 2664 sese
346 2621 604 2677 inspexisse
646 2621 819 2664 Merula
850 2621 1082 2666 confirmat
1120 2622 1207 2676 (ci.
1237 2622 1438 2667 Merulae
1470 2622 1539 2666 ed.
1569 2635 1635 2678 pr.
